3488 5828
358 491 431 573 256
947 513 1091 572 tonnas

357 695 457 770 operis
481 702 631 754 structura
656 695 746 754 aetati
773 701 821 752 sat
847 694 958 753 recenti
984 693 1189 764 attribuenda3
1223 711 1320 768 neque
1352 711 1424 752 vero
1457 691 1607 767 intellego
1639 709 1692 748 eur

358 797 435 854 infra
456 794 643 856 Constantini
665 805 791 856 aetatem
814 796 996 856 detrudenda
1017 797 1066 854 sit.
1111 795 1163 854 sed
1190 795 1269 854 enim
1295 794 1379 872 prius
1401 794 1577 852 accuratius
1602 811 1690 868 quae-

359 900 481 958 rendum
511 909 575 958 erat
600 899 636 956 de
662 900 729 958 loeo
756 918 816 976 quo
838 900 1016 975 Anonymus
1037 898 1125 956 basin
1147 897 1261 956 vidisse
1282 897 1428 954 videatur.
1471 907 1549 972 puto
1572 914 1622 954 me
1642 897 1690 952 de-

358 1002 571 1060 monstravisse
603 1011 671 1078 post
702 1002 848 1060 Rossium
880 1001 1063 1059 itinerarium
1100 999 1307 1058 Einsiedlense
1340 1000 1420 1075 quod
1451 999 1547 1056 fertur
1582 998 1689 1055 itinera

358 1104 508 1162 continere
530 1105 561 1162 in
582 1104 680 1162 forma
698 1103 827 1180 quadum
850 1105 961 1162 saeculi
984 1103 1102 1179 septimi
1125 1103 1259 1162 octavius
1280 1101 1404 1177 depicta.
1443 1102 1521 1158 haec
1542 1101 1638 1176 igitur
1658 1100 1686 1156 in

357 1205 453 1264 forma
474 1208 581 1264 itinera
602 1225 678 1283 quac
700 1207 819 1282 quidem
841 1205 927 1266 basin
949 1215 1074 1283 tangant
1100 1213 1267 1282 supersunt.

380 1410 397 1468 6
502 1411 531 1469 A
549 1423 638 1488 portu
659 1410 783 1470 Aurelia
804 1430 891 1489 usqua
913 1413 954 1469 ud
971 1421 1085 1488 portum
1107 1411 1324 1469 Praenestinum

587 1514 734 1590 (sinistra)

846 1739 902 1796 per
918 1729 1032 1794 pontem
1053 1722 1187 1776 maiorem

378 1820 395 1878 5
419 1818 453 1878 S.
469 1819 586 1897 Georpii
601 1821 644 1896 (in
657 1819 811 1896 Velabro),
828 1821 861 1880 S.
875 1819 971 1897 Serpii
1072 1821 1236 1892 Palatinus,
1259 1819 1299 1877 ud
1320 1816 1353 1877 S.
1379 1818 1562 1876 Theodorum

378 1922 396 1979 6
931 1941 987 1999 per
1008 1941 1104 1981 ursum

377 2023 394 2080 t
419 2024 601 2101 Capitolium,
624 2025 784 2084 umbilicum
1068 2025 1101 2085 S.
1123 2025 1226 2083 Maria
1247 2027 1368 2100 antiqua

378 2123 396 2182 8
869 2147 957 2204 equus
982 2125 1164 2186 Constantini
1583 2201 1587 2208 ἢ

377 2228 395 2286 9
418 2228 452 2288 S.
474 2228 624 2289 Hadriani
1069 2228 1127 2290 SS.
1151 2230 1268 2289 Cosmus
1289 2239 1314 2287 et
1335 2227 1478 2286 Dumiuni

358 2331 395 2388 10
879 2335 981 2408 sorum
1001 2350 1149 2392 romanum

358 2434 393 2490 ll
419 2431 452 2492 S.
471 2434 586 2510 Curium
601 2445 627 2494 et
647 2435 768 2494 thermus
786 2433 966 2495 Constantini
1064 2436 1209 2511 palatium
1233 2434 1366 2504 Traiani,
1386 2433 1428 2490 ibi
1448 2432 1491 2491 acl
1509 2432 1631 2492 Vincula

354 2640 428 2698 nihil
449 2641 561 2700 mutavi
583 2642 642 2701 nisi
657 2642 738 2717 quod
760 2661 806 2700 vv.
823 2643 850 2699 4.
868 2642 896 2701 6.
913 2642 942 2700 8.
960 2642 998 2700 10
1020 2640 1134 2699 ratione
1156 2640 1214 2700 nisi
1234 2639 1325 2698 fallor
1346 2647 1392 2695 sat
1413 2637 1566 2712 probabili
1586 2636 1672 2694 medio

356 2743 453 2819 spatio
476 2745 598 2802 attribui
620 2763 697 2820 quae
718 2745 747 2801 in
770 2745 872 2802 codice
899 2744 930 2801 in
956 2743 1034 2802 bunc
1055 2743 1174 2802 modum
1196 2743 1275 2802 binis
1297 2740 1442 2799 columnis
1465 2739 1618 2817 discerpta
1637 2739 1671 2795 le-

354 2857 464 2922 guntur
485 2866 541 2922 per
564 2857 676 2922 pontem
692 2880 729 2890 -
745 2851 888 2917 maiorem,
913 2865 967 2922 per
993 2865 1028 2904 ar
1043 2879 1080 2888 -
1098 2865 1168 2916 cum,
1196 2863 1283 2920 equus
1309 2862 1361 2902 con
1377 2875 1414 2884 -
1431 2846 1563 2912 stuntiui,
1583 2844 1669 2916 Jorun

355 2965 388 3004 ro
403 2980 441 2990 —
458 2968 580 3007 monum.
623 2950 723 3025 itaque
750 2951 780 3007 in
802 2949 899 3008 forma
924 2949 981 3007 iter
1001 2949 1122 3007 facienti
1144 2967 1162 3005 a
1186 2957 1273 3022 porta
1295 2943 1325 3006 S.
1348 2945 1503 3004 Pancratii
1526 2945 1566 3002 ad
1588 2943 1668 3002 linio

353 3068 415 3106 rem
436 3061 507 3126 poet
527 3062 648 3129 pontem
670 3051 802 3129 Ruptum
825 3051 911 3128 (tunc
932 3051 1094 3127 integrum)
1117 3070 1136 3108 a
1161 3049 1282 3108 sinistra
1304 3047 1467 3106 Velabrum
1498 3054 1528 3104 et
1556 3045 1670 3104 eeclesia

355 3149 410 3210 SS.
434 3152 532 3229 Sergii
554 3161 584 3212 et
606 3154 716 3212 Bacchi
740 3155 778 3213 ad
804 3173 905 3213 arcum
928 3151 1041 3225 Severi,
1067 3171 1086 3210 a
1108 3152 1214 3210 dextra
1236 3150 1385 3210 Palatium
1408 3168 1476 3207 cum
1499 3148 1626 3208 ecclesia
1645 3144 1667 3204 S.

353 3253 503 3312 Theodori
525 3255 591 3326 suit,
614 3256 681 3314 dein
697 3275 749 3331 per
764 3276 863 3316 arcum
879 3256 979 3315 nescio
994 3275 1081 3332 quem
1097 3241 1297 3332 progredienti
1319 3271 1337 3309 a
1358 3251 1481 3310 sinistra
1497 3249 1667 3328 Capitolium

354 3372 444 3432 super
466 3358 622 3416 ecclesiam
645 3356 677 3417 S.
701 3355 798 3436 Sergii
821 3379 839 3416 a
865 3360 972 3418 dextra
994 3356 1024 3418 S.
1047 3357 1143 3416 Maria
1169 3355 1302 3430 antiqua,
1328 3372 1407 3412 nunc
1429 3373 1523 3426 nova;
1552 3353 1593 3411 ibi
1614 3362 1666 3408 tau·

353 3458 431 3534 gitur
452 3478 547 3536 equus
569 3458 774 3532 Constantini3
804 3461 939 3537 sequitur
961 3459 992 3521 S.
1009 3458 1157 3517 Hadriani
1180 3479 1198 3516 a
1219 3459 1343 3516 sinistra
1364 3475 1383 3513 a
1404 3456 1512 3515 dextra
1533 3453 1588 3516 SS.
1605 3452 1665 3512 Cos·

351 3579 417 3618 mae
442 3569 471 3619 et
493 3561 634 3620 Damiani
661 3563 814 3640 templum,
842 3563 910 3620 dein
937 3563 1032 3621 forum
1061 3580 1225 3620 romanum.
1269 3560 1342 3618 hacc
1367 3557 1503 3635 intellegi
1529 3563 1664 3634 nequeunt

351 3663 411 3721 nisi
432 3664 546 3724 formae
568 3665 693 3742 figuram
716 3666 863 3730 eiusmodi
885 3664 1084 3742 redintegres:

922 3885 1109 3930 cautionum

605 4053 651 4106 [t
981 4009 1025 4101 [a
1376 4053 1420 4096 m

538 4125 569 4186 S.
594 4125 718 4202 Georgii
924 4125 956 4186 S.
980 4125 1078 4204 Sergii
1283 4120 1314 4181 S.
1337 4121 1488 4180 Hadriani

350 4285 425 4333 ->
447 4283 522 4340 pons
543 4267 639 4324 maior
774 4284 862 4325 arcus
1066 4282 1160 4340 equus
1172 4259 1363 4322 Constantini
1375 4261 1494 4319 Fonvu
1506 4261 1658 4319 Romam

352 4356 1658 4377 W

433 4421 599 4464 samninus
611 4403 642 4465 S.
655 4407 807 4465 Theodori
890 4405 921 4465 S.
934 4407 973 4464 M.
988 4407 1128 4482 antiquae
1192 4401 1248 4464 SS.
1261 4401 1390 4462 Cosmae
1401 4411 1432 4459 et
1442 4400 1585 4462 Damisni

693 4503 721 4558 Ο
989 4503 1035 4556 U
1365 4498 1393 4553 0

349 4679 381 4736 in
402 4680 498 4738 forma
519 4682 610 4760 igitur
631 4699 727 4758 equus
750 4679 939 4740 Constantini
961 4701 1027 4740 oum
1049 4681 1106 4740 fori
1129 4679 1244 4738 romani
1265 4679 1384 4737 nomine
1401 4677 1516 4736 videtur
1537 4676 1658 4736 extitisse

348 4781 425 4840 inter
447 4781 479 4843 S.
494 4783 681 4843 Hadrianum
704 4793 733 4841 et
750 4781 806 4844 SS.
824 4782 964 4844 Cosmum
988 4792 1017 4841 et
1040 4781 1220 4842 Damianum
1243 4782 1318 4839 satis
1341 4781 1441 4856 amplo
1464 4800 1483 4838 a
1505 4778 1561 4841 SS.
1577 4774 1657 4852 Sergii

348 4895 378 4942 et
405 4885 514 4944 Bacchi
542 4886 613 4962 (hoc
640 4895 686 4944 est
712 4887 749 4944 ab
777 4905 849 4944 arcu
871 4885 987 4962 Severi)
1015 4886 1112 4962 spatio
1139 4883 1299 4961 dirempta:
1326 4883 1404 4942 unde
1432 4899 1540 4957 equum
1568 4893 1616 4938 aut
1633 4879 1656 4934 iu

347 4989 445 5047 media
466 5009 537 5047 area
557 4989 614 5048 lori
636 5001 687 5048 aut
707 4989 785 5046 inter
807 4987 838 5049 S.
854 4988 1041 5047 Hadrianum
1064 4999 1095 5046 et
1116 4985 1171 5049 SS.
1189 4985 1330 5046 Cosmum
1352 4997 1381 5044 et
1402 4985 1593 5053 Damianum,
1613 4982 1656 5038 boc

346 5099 393 5149 est
414 5099 481 5150 ante
503 5092 657 5152 basilicum
672 5090 830 5150 Aemiliam
852 5091 972 5150 stetisse
993 5091 1133 5150 conicias.
1178 5055 1304 5149 alssrum
1325 5088 1381 5146 iter
1402 5087 1433 5146 iu
1455 5087 1533 5146 huuc
1551 5085 1655 5146 modum

348 5191 508 5251 alibrario
531 5212 652 5272 pessum
675 5193 778 5253 datum
800 5205 854 5253 est.
