3496 5828
523 515 694 567 ancervu
720 517 759 566 m.
788 515 1008 568 nussnuuan
1410 497 1430 565 3

185 687 303 744 Deinde
332 688 398 745 foro
422 688 568 745 Messalla
594 705 627 746 se
654 687 743 746 dedit.
788 685 897 746 Cicero
924 706 951 746 a.
975 686 1035 746 674
1063 685 1135 746 Sex.
1161 687 1305 746 Roscium
1332 683 1433 742 66166-

96 790 175 848 6666
198 791 239 847 611
262 789 327 863 (51,
350 789 422 865 149)
444 809 499 866 pro
515 807 550 847 eo
572 789 629 847 fori
651 789 813 866 iudiciique
833 791 978 848 rationem
1002 791 1170 865 suscepisse
1189 790 1229 848 M.
1247 787 1434 858 Messallam3

94 911 166 949 eum
196 891 220 948 si
249 891 307 949 iam
337 892 413 949 satis
437 893 543 950 aetatis
566 892 698 961 haberet,
727 891 873 950 Roscium
895 893 994 968 ipsum
1017 891 1206 951 defensurum
1229 892 1336 962 fuisse,
1358 907 1435 948 nunc

96 993 138 1050 ad
155 992 312 1052 dicendum
335 995 511 1070 impeditum
534 1001 630 1052 aetate
653 1001 683 1052 et
704 995 817 1069 pudore
833 1013 953 1054 causam
976 995 1031 1052 sibi
1054 994 1224 1053 tradidisse.
1262 993 1345 1051 Idem
1366 998 1436 1067 post

94 1104 225 1154 mortem
256 1095 351 1153 locum
379 1097 406 1154 ei
434 1096 516 1155 dedit
541 1097 572 1155 in
599 1097 677 1154 libro
705 1096 741 1154 de
768 1095 858 1154 claris
889 1097 1057 1155 oratoribus
1082 1097 1130 1168 70,
1155 1095 1214 1155 246
1241 1097 1289 1154 his
1317 1093 1433 1152 verbis:

96 1199 144 1255 M.
169 1197 312 1256 Messalla
337 1201 431 1256 orrinor
457 1207 529 1256 notu
550 1217 635 1274 quarn
661 1217 712 1256 noe
734 1198 813 1256 nullo
835 1201 917 1257 niodo
938 1203 1032 1274 inops,
1058 1200 1187 1256 sednon
1208 1181 1293 1256 uiinie
1316 1205 1434 1255 ornatus

94 1317 201 1374 penore
222 1302 387 1358 uerborum.-
406 1302 536 1377 prudens
558 1311 659 1360 acutas
680 1303 791 1358 minime
813 1304 944 1359 incautas
964 1311 1116 1376 patronus,
1142 1303 1173 1358 in
1199 1303 1294 1358 causis
1317 1316 1434 1374 coquos·

95 1403 196 1458 cendia
224 1404 477 1479 componendisque
504 1403 642 1479 diliqena,
670 1405 768 1478 maqni
806 1403 928 1474 loboris,
959 1403 1064 1462 multae
1097 1420 1202 1478 operae
1227 1401 1435 1476 multorumque

94 1521 260 1562 comarum.
305 1503 467 1564 Orationes
490 1524 560 1563 num
584 1503 717 1576 ediderit,
739 1504 871 1563 dubitari
887 1511 1001 1580 potest3
1025 1524 1094 1563 nam
1110 1504 1191 1580 quod
1214 1503 1377 1561 scholiasta
1396 1501 1433 1559 ad

93 1605 268 1665 Roscianae
290 1605 446 1666 Ciceronis
473 1627 497 1665 c.
522 1605 550 1680 2,
582 1607 600 1666 5
627 1627 657 1684 p.
678 1605 738 1665 426
768 1605 861 1666 Orell.
891 1607 1015 1666 adnotat
1041 1605 1205 1665 Messallae
1232 1606 1296 1664 eius
1324 1603 1434 1663 multas

93 1719 204 1766 extare
230 1709 393 1780 orationes,
424 1727 484 1767 non
510 1727 649 1786 magnam
676 1709 880 1768 auctoritatem
905 1710 1005 1781 habet,
1034 1727 1101 1768 cum
1124 1710 1149 1768 is
1172 1707 1209 1767 de
1231 1706 1364 1767 Corvino
1386 1723 1435 1764 oo-

94 1812 196 1886 gitare
219 1813 358 1887 potuerit,
381 1830 435 1869 666
456 1805 639 1888 posteriores
656 1811 817 1871 Messallae
834 1811 924 1871 huius
940 1811 1113 1870 meminisse
1129 1810 1277 1869 videntur.
1323 1807 1434 1882 Quam·

94 1931 189 1988 quam
213 1913 293 1989 quod
316 1913 420 1972 scribit
435 1911 641 1986 Quintilianus
664 1914 728 1990 (10,
748 1915 774 1987 1,
792 1913 829 1972 22
853 1914 890 1973 61.
914 1915 944 1985 4,
960 1911 989 1983 2,
1013 1913 1080 1972 106.
1105 1914 1133 1984 6,
1159 1915 1185 1984 1,
1210 1913 1249 1971 20
1271 1921 1302 1970 61
1322 1910 1434 1969 Festus

94 2034 124 2091 p.
145 2014 220 2088 153)
249 2015 280 2072 16
307 2033 400 2073 causa
427 2016 564 2074 Aufidiae
594 2017 683 2076 simul
712 2016 826 2075 dixisse
854 2015 1030 2075 Messallam
1064 2023 1094 2074 et
1121 2012 1285 2092 Sulpicium
1313 2012 1435 2084 Rufum,

96 2137 167 2175 eum
190 2118 241 2175 hic
268 2119 308 2177 sit
334 2118 510 2176 notissimus
538 2128 639 2177 orator
666 2117 824 2177 defunctus
847 2137 872 2176 a.
898 2117 953 2176 711
986 2135 1083 2194 66666
1104 2115 1267 2176 Corvinum
1295 2115 1435 2174 credibile

94 2222 136 2278 sit
165 2238 276 2279 causas
306 2221 405 2296 egisse
432 2229 501 2278 ante
529 2239 596 2278 eum
624 2239 743 2293 annum,
777 2221 912 2279 confudit
938 2220 1069 2279 fortasse
1097 2217 1305 2293 Quintilianus
1338 2216 1435 2294 patris

94 2323 216 2398 filiique
239 2323 401 2380 orationes.
445 2319 506 2382 Sed
528 2323 602 2381 haec
624 2323 819 2399 relinquenda
841 2323 986 2381 66616111
1008 2322 1099 2381 vitam
1123 2321 1317 2380 enarraturis.

187 2422 388 2496 Quaesturam
408 2444 473 2483 cum
491 2425 664 2484 Messallam
685 2433 830 2503 appareat
849 2425 962 2501 pariter
983 2435 1072 2501 atque
1088 2423 1264 2484 Ciceronem
1286 2439 1365 2480 anno
1381 2437 1435 2478 suo

93 2529 167 2604 ipso
189 2527 367 2603 proximare
389 2527 566 2600 obtinuisse,
589 2527 694 2586 incidit
715 2545 752 2586 ea
773 2527 803 2584 in
827 2545 853 2585 6.
876 2546 900 2586 c.
925 2526 994 2587 686.

185 2629 233 2686 Ab
256 2629 408 2688 aedilitate
430 2629 572 2688 Messalla
593 2630 740 2688 abstinuit
761 2629 899 2706 exemplo
921 2629 1092 2688 multorum.

185 2731 334 2788 Praetura
356 2741 478 2809 propter
499 2731 623 2791 eandem
646 2749 767 2790 causam
790 2731 986 2807 probabiliter
1008 2730 1226 2790 adiudicabitur
1248 2749 1273 2787 a.
1299 2727 1373 2798 6903
1404 2737 1436 2786 ut

95 2833 174 2890 satis
204 2843 349 2908 appareat
370 2833 410 2891 M.
435 2834 609 2893 Messallam
639 2853 716 2904 eom,
748 2834 800 2908 661
831 2853 858 2891 6.
883 2833 938 2891 691
970 2843 1139 2908 praeturam
1168 2834 1287 2909 petebat
1313 2829 1435 2902 (Cicero

95 2953 154 3011 pro
172 2933 260 2994 Sulla
283 2935 332 3004 14,
348 2935 414 3010 42),
437 2956 495 2994 666
518 2937 596 2994 bunc
618 2953 696 3005 6666,
720 2934 774 2993 666
793 2935 920 2993 alterum
944 2935 1096 2993 consulem
1117 2954 1144 2992 a.
1161 2935 1218 2991 701
1238 2933 1434 3010 (Wehrmann

98 3037 174 3094 16611
198 3038 340 3112 praetorii
363 3056 392 3113 p.
406 3037 468 3112 57).
513 3035 654 3095 Urbanos
677 3036 775 3094 166666
798 3038 876 3096 hunc
899 3046 1032 3096 nostrum
1050 3036 1220 3095 Messallam
1243 3045 1434 3094 consecutum

95 3157 168 3196 6666
190 3158 230 3195 ex
252 3139 350 3216 elogio
373 3147 506 3216 apparet.

185 3239 301 3299 Consul
328 3241 436 3300 deinde
463 3241 559 3300 166166
586 3249 631 3300 661
657 3261 682 3299 6.
706 3239 764 3300 693
794 3261 859 3300 cunr
887 3242 927 3300 M.
947 3241 1046 3317 Pupio
1068 3241 1190 3300 Pisone.
1234 3241 1280 3300 Eo
1302 3250 1435 3318 tempore

95 3341 205 3401 laudat
226 3363 293 3401 eum
318 3341 424 3402 Cicer-o
447 3351 598 3420 tamquam
620 3344 749 3420 partium
772 3346 916 3402 bonarum
940 3345 1108 3402 studiosum
1130 3343 1182 3418 (ad
1203 3343 1266 3402 Ait.
1293 3346 1320 3414 l,
1338 3345 1385 3412 13,
1403 3342 1435 3418 2)

97 3463 252 3521 suumque
276 3455 306 3503 et
327 3445 513 3504 laudatorem
536 3453 566 3503 61
587 3445 765 3505 imitatorem
790 3446 873 3519 (1.6.
899 3449 926 3518 1,
950 3448 999 3518 14,
1023 3445 1064 3523 6).

185 3545 328 3624 Quinque
347 3547 445 3606 virum
469 3547 576 3606 661666
598 3557 715 3608 creatus
739 3557 786 3606 est
808 3541 888 3626 agris
910 3548 1018 3606 dandis
1041 3547 1236 3624 adsignandis
1257 3547 1435 3620 iudicandis,

97 3649 221 3708 scilicet
242 3667 281 3707 ex
303 3649 369 3727 lege
385 3649 464 3708 Iulia
478 3651 598 3726 agraria
620 3650 723 3709 16166.
740 3650 809 3710 695.
854 3649 931 3710 Nam
949 3668 1015 3709 cunr
1032 3669 1071 3708 ex
1086 3667 1122 3708 ea
1138 3649 1242 3726 viginti
1258 3650 1314 3708 viri
1330 3651 1436 3709 fierent

96 3751 136 3809 ad
166 3769 257 3828 agros
281 3751 456 3812 dividendos
478 3749 651 3829 Campanos
674 3752 731 3828 (ila
752 3754 831 3812 eninr
854 3754 992 3813 dicuntur
1014 3773 1033 3812 a
1055 3751 1190 3811 Varrone
1213 3753 1250 3810 de
1272 3772 1296 3811 r.
1312 3773 1336 3811 r.
1363 3754 1390 3824 1,
1407 3751 1436 3823 2,

100 3855 156 3924 10;
186 3855 224 3910 61.
249 3851 431 3914 Stootsreoltt
451 3853 480 3928 2,
502 3855 588 3931 587),
611 3855 680 3914 item
702 3855 833 3932 6616666
856 3857 912 3914 viri
934 3854 1126 3916 inveniuntur
1149 3852 1271 3930 (Cicero
1293 3854 1329 3912 66
1351 3872 1436 3932 prov.
1489 3925 1495 3944 ,

96 3974 185 4014 cons.
205 3955 253 4026 17,
269 3957 326 4014 41:
353 3975 395 4014 rue
417 3957 519 4014 ille-
538 3955 654 4016 Caesar
676 3959 782 4016 consul
798 3992 836 4001 -
852 3967 882 4016 ul
903 3961 1151 4034 quinqueviratum
1173 3960 1329 4032 acciperem
1351 3975 1436 4032 roqu-

97 4063 150 4127 uit,
175 4077 218 4115 me
240 4061 270 4115 in
293 4059 383 4116 tribus
404 4059 460 4117 sibi
481 4063 718 4118 coniunctissimis
741 4061 940 4120 consularibus
962 4079 1021 4119 6666
1042 4059 1150 4129 6616116
1174 4059 1212 4116 66
1231 4061 1294 4117 Α11.
1312 4057 1341 4129 2,
1358 4059 1386 4131 1,
1403 4059 1436 4114 4:

95 4164 175 4218 iocis
197 4161 314 4218 obscure
335 4164 418 4218 etiarn
440 4179 473 4218 eu
494 4164 566 4236 ipsis
589 4166 712 4238 quinque
733 4165 803 4220 viris
826 4163 905 4238 loqui
927 4161 1091 4240 quosdam).
1136 4159 1220 4234 Quos
1247 4160 1286 4218 66
1311 4159 1436 4217 eandem

95 4263 197 4337 legem
225 4261 374 4337 pertinere
401 4271 431 4320 et
459 4264 653 4338 praecipuum
681 4265 758 4322 inter
785 4264 890 4340 viginti
917 4265 986 4322 illos
1014 4264 1112 4321 locum
1134 4263 1300 4321 obtinuisse
1324 4261 1436 4320 dudum

96 4363 285 4422 intellectum
314 4373 369 4435 est,
397 4371 428 4421 ut
454 4363 529 4422 adeo
557 4373 618 4422 tres
645 4381 747 4422 corum
776 4383 815 4422 ex
845 4367 1051 4424 consularibus
1074 4364 1194 4440 legendi
1216 4371 1328 4422 essent.
1372 4364 1437 4422 Iam

94 4487 136 4523 ex
167 4465 267 4542 elogio
294 4472 413 4523 constat
439 4466 486 4524 his
513 4465 738 4543 magistratibus
760 4467 972 4526 iudicationem
995 4469 1108 4544 pariter
1135 4467 1234 4525 datam
1258 4483 1324 4525 6666
1347 4476 1437 4543 61666

95 4567 267 4625 triumviris
290 4585 328 4624 ex
351 4568 416 4642 lege
433 4564 611 4645 Sempronia
632 4571 741 4628 creatis
757 4570 952 4646 creandisque
975 4589 1014 4628 ex
1035 4570 1099 4646 lege
1115 4567 1245 4629 Servilia
1260 4568 1437 4627 decemviris

96 4670 224 4738 creatis,
251 4687 349 4744 neque
372 4669 569 4744 improbabile
590 4677 636 4729 est
662 4671 872 4730 iudicationem
893 4672 967 4732 66116
990 4671 1120 4748 6616666
1142 4669 1215 4730 viris
1237 4671 1337 4730 datam
1360 4690 1438 4742 6666,

91 4771 227 4846 reliquis
248 4771 279 4827 16
302 4771 370 4846 ipsa
391 4771 599 4846 adsignatione
621 4775 786 4850 occupatis.
824 4773 968 4832 Messalla
989 4793 1055 4832 cum
1078 4774 1109 4832 in
1131 4773 1226 4831 tribus
1248 4774 1309 4831 illis
1329 4791 1437 4831 eonsu-

91 4873 215 4931 laribus
248 4871 338 4929 suerit
365 4873 476 4948 pariter
499 4882 588 4949 61666
610 4873 776 4951 Pompeius
800 4875 972 4950 (Drumann
996 4876 1025 4950 3,
1048 4874 1135 4951 206),
1161 4875 1343 4952 intellegitur
1369 4893 1437 4931 eum

91 4992 156 5033 non
187 4973 377 5049 optimatium
404 4982 515 5033 sectam
545 4983 678 5035 secutum
706 4995 782 5049 esse,
812 4977 864 5036 sed
892 4976 1017 5036 Caesari
1039 4979 1127 5054 61666
1153 4996 1189 5035 eo
1211 4987 1345 5053 tempore
1367 4994 1437 5034 con·

91 5073 291 5135 iunctissima
313 5073 458 5152 Pompeio
481 5093 546 5136 sese
569 5075 688 5138 dedisse
711 5077 762 5154 (61.
786 5078 825 5137 66
847 5083 909 5138 Att.
935 5079 963 5152 4,
990 5080 1016 5150 1,
1041 5079 1083 5154 6).

1189 5277 1230 5339 10
