<?xml version="1.0" encoding="UTF-8"?>
<!DOCTYPE html PUBLIC "-//W3C//DTD XHTML 1.0 Transitional//EN"
    "http://www.w3.org/TR/xhtml1/DTD/xhtml1-transitional.dtd">
<html xmlns="http://www.w3.org/1999/xhtml" xml:lang="en" lang="en">
 <head>
  <title>
</title>
<meta http-equiv="Content-Type" content="text/html;charset=utf-8" />
  <meta name='ocr-system' content='tesseract 3.04.00' />
  <meta name='ocr-capabilities' content='ocr_page ocr_carea ocr_par ocr_line ocrx_word'/>
</head>
<body>
  <div class='ocr_page' id='page_1' title='image "./ephemerisepigra02henzgoog_0132.png"; bbox 0 0 3516 5828; ppageno 0'>
   <div class='ocr_carea' id='block_1_1' title="bbox 483 1963 1102 2286">
    <p class='ocr_par' dir='ltr' id='par_1_1' title="bbox 483 1963 1102 2286">
     <span class='ocr_line' id='line_1_1' title="bbox 558 1963 1019 2076; baseline 0 -2"><span class='ocrx_word' id='word_1_1' title='bbox 558 1963 1019 2076; x_wconf 68' lang='lat' dir='ltr'>tumultuatus</span> 
     </span>
     <span class='ocr_line' id='line_1_2' title="bbox 483 2201 1102 2286; baseline 0 -3"><span class='ocrx_word' id='word_1_2' title='bbox 483 2201 559 2283; x_wconf 78' lang='lat' dir='ltr'>no</span> <span class='ocrx_word' id='word_1_3' title='bbox 590 2201 849 2286; x_wconf 79' lang='lat' dir='ltr'>ooaeoers</span> <span class='ocrx_word' id='word_1_4' title='bbox 882 2203 998 2285; x_wconf 80' lang='lat' dir='ltr'>von.</span> <span class='ocrx_word' id='word_1_5' title='bbox 1020 2201 1102 2284; x_wconf 85' lang='lat' dir='ltr'>vu.</span> 
     </span>
    </p>
   </div>
   <div class='ocr_carea' id='block_1_2' title="bbox 128 2576 1456 2929">
    <p class='ocr_par' dir='ltr' id='par_1_2' title="bbox 128 2576 1456 2929">
     <span class='ocr_line' id='line_1_3' title="bbox 130 2576 1456 2733; baseline 0.004 -31"><span class='ocrx_word' id='word_1_6' title='bbox 130 2576 247 2733; x_wconf 72' lang='lat' dir='ltr'>Quod</span> <span class='ocrx_word' id='word_1_7' title='bbox 270 2649 397 2706; x_wconf 88' lang='lat' dir='ltr'>triennio</span> <span class='ocrx_word' id='word_1_8' title='bbox 422 2659 489 2725; x_wconf 90' lang='lat' dir='ltr'>post</span> <span class='ocrx_word' id='word_1_9' title='bbox 506 2651 642 2708; x_wconf 86' lang='lat' dir='ltr'>volumen</span> <span class='ocrx_word' id='word_1_10' title='bbox 667 2651 801 2727; x_wconf 83' lang='lat' dir='ltr'>corporis</span> <span class='ocrx_word' id='word_1_11' title='bbox 825 2651 983 2726; x_wconf 87' lang='lat' dir='ltr'>septimum</span> <span class='ocrx_word' id='word_1_12' title='bbox 1008 2649 1118 2707; x_wconf 88' lang='lat' dir='ltr'>editum</span> <span class='ocrx_word' id='word_1_13' title='bbox 1133 2649 1184 2707; x_wconf 86' lang='lat' dir='ltr'>vix</span> <span class='ocrx_word' id='word_1_14' title='bbox 1207 2650 1311 2724; x_wconf 89' lang='lat' dir='ltr'>elapso</span> <span class='ocrx_word' id='word_1_15' title='bbox 1335 2651 1456 2726; x_wconf 87' lang='lat' dir='ltr'>supple-</span> 
     </span>
     <span class='ocr_line' id='line_1_4' title="bbox 130 2750 1456 2829; baseline 0.003 -25"><span class='ocrx_word' id='word_1_16' title='bbox 130 2757 258 2806; x_wconf 81' lang='lat' dir='ltr'><strong>mentum</strong></span> <span class='ocrx_word' id='word_1_17' title='bbox 288 2750 353 2809; x_wconf 89' lang='lat' dir='ltr'>eius</span> <span class='ocrx_word' id='word_1_18' title='bbox 380 2752 428 2808; x_wconf 89' lang='lat' dir='ltr'>hic</span> <span class='ocrx_word' id='word_1_19' title='bbox 454 2753 631 2829; x_wconf 84' lang='lat' dir='ltr'>proponitur</span> <span class='ocrx_word' id='word_1_20' title='bbox 658 2751 763 2810; x_wconf 86' lang='lat' dir='ltr'>titulos</span> <span class='ocrx_word' id='word_1_21' title='bbox 790 2752 944 2809; x_wconf 86' lang='lat' dir='ltr'>continens</span> <span class='ocrx_word' id='word_1_22' title='bbox 971 2769 1074 2808; x_wconf 86' lang='lat' dir='ltr'>recens</span> <span class='ocrx_word' id='word_1_23' title='bbox 1102 2751 1234 2808; x_wconf 85' lang='lat' dir='ltr'>detectos</span> <span class='ocrx_word' id='word_1_24' title='bbox 1263 2753 1330 2827; x_wconf 88' lang='lat' dir='ltr'>plus</span> <span class='ocrx_word' id='word_1_25' title='bbox 1358 2752 1456 2809; x_wconf 85' lang='lat' dir='ltr'>urinas</span> 
     </span>
     <span class='ocr_line' id='line_1_5' title="bbox 128 2852 1456 2929; baseline 0.002 -22"><span class='ocrx_word' id='word_1_26' title='bbox 128 2852 354 2929; x_wconf 82' lang='lat' dir='ltr'>quinquaginta,</span> <span class='ocrx_word' id='word_1_27' title='bbox 381 2853 411 2910; x_wconf 92' lang='lat' dir='ltr'>id</span> <span class='ocrx_word' id='word_1_28' title='bbox 442 2854 550 2912; x_wconf 87' lang='lat' dir='ltr'>accidit</span> <span class='ocrx_word' id='word_1_29' title='bbox 579 2874 646 2912; x_wconf 89' lang='lat' dir='ltr'>cum</span> <span class='ocrx_word' id='word_1_30' title='bbox 673 2871 724 2910; x_wconf 85' lang='lat' dir='ltr'>eas</span> <span class='ocrx_word' id='word_1_31' title='bbox 748 2855 786 2910; x_wconf 90' lang='lat' dir='ltr'>ob</span> <span class='ocrx_word' id='word_1_32' title='bbox 808 2871 924 2922; x_wconf 83' lang='lat' dir='ltr'><strong>causas,</strong></span> <span class='ocrx_word' id='word_1_33' title='bbox 953 2871 1030 2927; x_wconf 86' lang='lat' dir='ltr'>quae</span> <span class='ocrx_word' id='word_1_34' title='bbox 1054 2853 1164 2927; x_wconf 91' lang='lat' dir='ltr'>ubique</span> <span class='ocrx_word' id='word_1_35' title='bbox 1186 2853 1248 2910; x_wconf 85' lang='lat' dir='ltr'>scre</span> <span class='ocrx_word' id='word_1_36' title='bbox 1271 2853 1456 2911; x_wconf 89' lang='lat' dir='ltr'>obtinentin</span> 
     </span>
    </p>
   </div>
   <div class='ocr_carea' id='block_1_3' title="bbox 128 2953 1558 3032">
    <p class='ocr_par' dir='ltr' id='par_1_3' title="bbox 128 2953 1558 3032">
     <span class='ocr_line' id='line_1_6' title="bbox 128 2953 1558 3032; baseline 0.003 -24"><span class='ocrx_word' id='word_1_37' title='bbox 128 2953 288 3026; x_wconf 85' lang='lat' dir='ltr'>provinciis</span> <span class='ocrx_word' id='word_1_38' title='bbox 305 2954 420 3030; x_wconf 90' lang='lat' dir='ltr'>imperii</span> <span class='ocrx_word' id='word_1_39' title='bbox 436 2955 508 3013; x_wconf 90' lang='lat' dir='ltr'>olim</span> <span class='ocrx_word' id='word_1_40' title='bbox 524 2955 663 3026; x_wconf 88' lang='lat' dir='ltr'>Romani,</span> <span class='ocrx_word' id='word_1_41' title='bbox 687 2967 747 3013; x_wconf 90' lang='lat' dir='ltr'>tum</span> <span class='ocrx_word' id='word_1_42' title='bbox 765 2965 887 3032; x_wconf 86' lang='lat' dir='ltr'>propter</span> <span class='ocrx_word' id='word_1_43' title='bbox 901 2955 990 3012; x_wconf 86' lang='lat' dir='ltr'>hasce</span> <span class='ocrx_word' id='word_1_44' title='bbox 1006 2954 1081 3012; x_wconf 86' lang='lat' dir='ltr'>duaa</span> <span class='ocrx_word' id='word_1_45' title='bbox 1101 2955 1276 3032; x_wconf 86' lang='lat' dir='ltr'>peculiares.</span> <span class='ocrx_word' id='word_1_46' title='bbox 1321 2955 1456 3012; x_wconf 87' lang='lat' dir='ltr'>Primum</span> <span class='ocrx_word' id='word_1_47' title='bbox 1556 2992 1558 2996; x_wconf 83' lang='lat'><em>.</em></span> 
     </span>
    </p>
   </div>
   <div class='ocr_carea' id='block_1_4' title="bbox 128 3055 1462 5269">
    <p class='ocr_par' dir='ltr' id='par_1_4' title="bbox 128 3055 1462 5269">
     <span class='ocr_line' id='line_1_7' title="bbox 128 3055 1457 3132; baseline 0.002 -22"><span class='ocrx_word' id='word_1_48' title='bbox 128 3055 203 3112; x_wconf 89' lang='lat' dir='ltr'>enim</span> <span class='ocrx_word' id='word_1_49' title='bbox 227 3073 299 3112; x_wconf 85' lang='lat' dir='ltr'>casu</span> <span class='ocrx_word' id='word_1_50' title='bbox 322 3056 499 3116; x_wconf 82' lang='lat' dir='ltr'>factumest</span> <span class='ocrx_word' id='word_1_51' title='bbox 522 3077 581 3116; x_wconf 92' lang='lat' dir='ltr'>non</span> <span class='ocrx_word' id='word_1_52' title='bbox 604 3058 678 3116; x_wconf 88' lang='lat' dir='ltr'>satis</span> <span class='ocrx_word' id='word_1_53' title='bbox 701 3058 867 3128; x_wconf 88' lang='lat' dir='ltr'>commodo,</span> <span class='ocrx_word' id='word_1_54' title='bbox 890 3056 968 3132; x_wconf 90' lang='lat' dir='ltr'>quod</span> <span class='ocrx_word' id='word_1_55' title='bbox 991 3056 1129 3115; x_wconf 88' lang='lat' dir='ltr'>volumen</span> <span class='ocrx_word' id='word_1_56' title='bbox 1153 3076 1248 3115; x_wconf 82' lang='lat' dir='ltr'>meum</span> <span class='ocrx_word' id='word_1_57' title='bbox 1272 3056 1385 3132; x_wconf 90' lang='lat' dir='ltr'>prodiit</span> <span class='ocrx_word' id='word_1_58' title='bbox 1406 3077 1457 3114; x_wconf 87' lang='lat' dir='ltr'>an-</span> 
     </span>
     <span class='ocr_line' id='line_1_8' title="bbox 128 3153 1458 3236; baseline 0.003 -24"><span class='ocrx_word' id='word_1_59' title='bbox 128 3165 245 3231; x_wconf 82' lang='lat' dir='ltr'>tequam</span> <span class='ocrx_word' id='word_1_60' title='bbox 269 3159 306 3216; x_wconf 86' lang='lat' dir='ltr'>ad</span> <span class='ocrx_word' id='word_1_61' title='bbox 328 3159 415 3216; x_wconf 86' lang='lat' dir='ltr'>finem</span> <span class='ocrx_word' id='word_1_62' title='bbox 432 3161 604 3236; x_wconf 89' lang='lat' dir='ltr'>perductum</span> <span class='ocrx_word' id='word_1_63' title='bbox 621 3167 685 3218; x_wconf 89' lang='lat' dir='ltr'>erat</span> <span class='ocrx_word' id='word_1_64' title='bbox 700 3159 826 3218; x_wconf 88' lang='lat' dir='ltr'>Brucii</span> <span class='ocrx_word' id='word_1_65' title='bbox 849 3159 906 3216; x_wconf 90' lang='lat' dir='ltr'>mei</span> <span class='ocrx_word' id='word_1_66' title='bbox 928 3153 1118 3234; x_wconf 84' lang='lat' dir='ltr'>‘lapidariam</span> <span class='ocrx_word' id='word_1_67' title='bbox 1143 3153 1399 3234; x_wconf 87' lang='lat' dir='ltr'>septentrionale’,</span> <span class='ocrx_word' id='word_1_68' title='bbox 1422 3159 1458 3216; x_wconf 91' lang='lat' dir='ltr'>de</span> 
     </span>
     <span class='ocr_line' id='line_1_9' title="bbox 128 3259 1458 3339; baseline 0.002 -25"><span class='ocrx_word' id='word_1_69' title='bbox 128 3275 186 3333; x_wconf 92' lang='lat' dir='ltr'>quo</span> <span class='ocrx_word' id='word_1_70' title='bbox 209 3259 280 3318; x_wconf 91' lang='lat' dir='ltr'>olim</span> <span class='ocrx_word' id='word_1_71' title='bbox 303 3259 366 3318; x_wconf 89' lang='lat' dir='ltr'>dixi</span> <span class='ocrx_word' id='word_1_72' title='bbox 389 3261 418 3318; x_wconf 92' lang='lat' dir='ltr'>in</span> <span class='ocrx_word' id='word_1_73' title='bbox 442 3264 576 3339; x_wconf 88' lang='lat' dir='ltr'>corporis</span> <span class='ocrx_word' id='word_1_74' title='bbox 593 3263 653 3320; x_wconf 90' lang='lat' dir='ltr'>vol.</span> <span class='ocrx_word' id='word_1_75' title='bbox 670 3261 730 3319; x_wconf 91' lang='lat' dir='ltr'>Vll</span> <span class='ocrx_word' id='word_1_76' title='bbox 753 3279 781 3336; x_wconf 88' lang='lat' dir='ltr'>p.</span> <span class='ocrx_word' id='word_1_77' title='bbox 800 3259 869 3334; x_wconf 82' lang='lat'>106,</span> <span class='ocrx_word' id='word_1_78' title='bbox 892 3281 986 3338; x_wconf 88' lang='lat' dir='ltr'>nuper</span> <span class='ocrx_word' id='word_1_79' title='bbox 1009 3260 1126 3336; x_wconf 77' lang='lat' dir='ltr'>plenius</span> <span class='ocrx_word' id='word_1_80' title='bbox 1148 3261 1178 3318; x_wconf 92' lang='lat' dir='ltr'>in</span> <span class='ocrx_word' id='word_1_81' title='bbox 1197 3261 1387 3337; x_wconf 85' lang='lat' dir='ltr'>ephemeride</span> <span class='ocrx_word' id='word_1_82' title='bbox 1410 3260 1458 3317; x_wconf 92' lang='lat' dir='ltr'>lit-</span> 
     </span>
     <span class='ocr_line' id='line_1_10' title="bbox 128 3360 1459 3441; baseline 0.002 -25"><span class='ocrx_word' id='word_1_83' title='bbox 128 3360 236 3418; x_wconf 87' lang='lat' dir='ltr'>teraria</span> <span class='ocrx_word' id='word_1_84' title='bbox 258 3361 377 3420; x_wconf 88' lang='lat' dir='ltr'>lenensi</span> <span class='ocrx_word' id='word_1_85' title='bbox 401 3381 426 3420; x_wconf 85' lang='lat' dir='ltr'>a.</span> <span class='ocrx_word' id='word_1_86' title='bbox 448 3364 525 3422; x_wconf 80' lang='lat'>1875</span> <span class='ocrx_word' id='word_1_87' title='bbox 548 3384 576 3441; x_wconf 91' lang='lat' dir='ltr'>p.</span> <span class='ocrx_word' id='word_1_88' title='bbox 594 3363 654 3422; x_wconf 88' lang='lat'>868</span> <span class='ocrx_word' id='word_1_89' title='bbox 669 3381 709 3422; x_wconf 84' lang='lat' dir='ltr'>ss.</span> <span class='ocrx_word' id='word_1_90' title='bbox 754 3364 787 3420; x_wconf 92' lang='lat' dir='ltr'>lu</span> <span class='ocrx_word' id='word_1_91' title='bbox 811 3382 847 3420; x_wconf 89' lang='lat' dir='ltr'>ca</span> <span class='ocrx_word' id='word_1_92' title='bbox 862 3372 959 3422; x_wconf 88' lang='lat' dir='ltr'>autem</span> <span class='ocrx_word' id='word_1_93' title='bbox 984 3362 1108 3439; x_wconf 76' lang='lat' dir='ltr'>sylloge,</span> <span class='ocrx_word' id='word_1_94' title='bbox 1131 3371 1220 3439; x_wconf 89' lang='lat' dir='ltr'>atque</span> <span class='ocrx_word' id='word_1_95' title='bbox 1243 3363 1272 3421; x_wconf 94' lang='lat' dir='ltr'>in</span> <span class='ocrx_word' id='word_1_96' title='bbox 1295 3363 1459 3439; x_wconf 79' lang='lat' dir='ltr'>appendice</span> 
     </span>
     <span class='ocr_line' id='line_1_11' title="bbox 128 3461 1459 3542; baseline 0.002 -26"><span class='ocrx_word' id='word_1_97' title='bbox 128 3461 190 3520; x_wconf 86' lang='lat' dir='ltr'>eius</span> <span class='ocrx_word' id='word_1_98' title='bbox 228 3463 429 3538; x_wconf 88' lang='lat' dir='ltr'>potissimum,</span> <span class='ocrx_word' id='word_1_99' title='bbox 471 3465 600 3542; x_wconf 83' lang='lat' dir='ltr'>scriptor</span> <span class='ocrx_word' id='word_1_100' title='bbox 637 3485 696 3524; x_wconf 95' lang='lat' dir='ltr'>non</span> <span class='ocrx_word' id='word_1_101' title='bbox 738 3484 833 3540; x_wconf 88' lang='lat' dir='ltr'>pauca</span> <span class='ocrx_word' id='word_1_102' title='bbox 872 3465 958 3524; x_wconf 89' lang='lat' dir='ltr'>edere</span> <span class='ocrx_word' id='word_1_103' title='bbox 1000 3465 1099 3540; x_wconf 90' lang='lat' dir='ltr'>potuit</span> <span class='ocrx_word' id='word_1_104' title='bbox 1134 3474 1325 3524; x_wconf 83' lang='lat' dir='ltr'>monumenta</span> <span class='ocrx_word' id='word_1_105' title='bbox 1362 3486 1379 3522; x_wconf 88' lang='lat' dir='ltr'>a</span> <span class='ocrx_word' id='word_1_106' title='bbox 1413 3483 1459 3520; x_wconf 80' lang='lat' dir='ltr'>ine</span> 
     </span>
     <span class='ocr_line' id='line_1_12' title="bbox 128 3564 1458 3643; baseline 0.002 -23"><span class='ocrx_word' id='word_1_107' title='bbox 128 3564 257 3622; x_wconf 89' lang='lat' dir='ltr'>nondum</span> <span class='ocrx_word' id='word_1_108' title='bbox 294 3565 370 3638; x_wconf 85' lang='lat' dir='ltr'>risa,</span> <span class='ocrx_word' id='word_1_109' title='bbox 407 3585 483 3642; x_wconf 91' lang='lat' dir='ltr'>quae</span> <span class='ocrx_word' id='word_1_110' title='bbox 520 3585 556 3625; x_wconf 90' lang='lat' dir='ltr'>eo</span> <span class='ocrx_word' id='word_1_111' title='bbox 587 3567 682 3642; x_wconf 85' lang='lat' dir='ltr'>magis</span> <span class='ocrx_word' id='word_1_112' title='bbox 717 3567 766 3624; x_wconf 87' lang='lat' dir='ltr'>hic</span> <span class='ocrx_word' id='word_1_113' title='bbox 803 3567 905 3642; x_wconf 88' lang='lat' dir='ltr'>putavi</span> <span class='ocrx_word' id='word_1_114' title='bbox 942 3585 1010 3625; x_wconf 88' lang='lat' dir='ltr'>esse</span> <span class='ocrx_word' id='word_1_115' title='bbox 1046 3567 1169 3638; x_wconf 85' lang='lat' dir='ltr'>edenda,</span> <span class='ocrx_word' id='word_1_116' title='bbox 1207 3585 1266 3642; x_wconf 91' lang='lat' dir='ltr'>quo</span> <span class='ocrx_word' id='word_1_117' title='bbox 1303 3567 1458 3643; x_wconf 86' lang='lat' dir='ltr'>pauciores</span> 
     </span>
     <span class='ocr_line' id='line_1_13' title="bbox 129 3663 1459 3746; baseline 0.001 -25"><span class='ocrx_word' id='word_1_118' title='bbox 129 3663 203 3723; x_wconf 91' lang='lat' dir='ltr'>libro</span> <span class='ocrx_word' id='word_1_119' title='bbox 231 3666 284 3723; x_wconf 92' lang='lat' dir='ltr'>illo</span> <span class='ocrx_word' id='word_1_120' title='bbox 312 3667 341 3724; x_wconf 93' lang='lat' dir='ltr'>iu</span> <span class='ocrx_word' id='word_1_121' title='bbox 365 3667 530 3726; x_wconf 78' lang='lat' dir='ltr'>Germania</span> <span class='ocrx_word' id='word_1_122' title='bbox 556 3687 624 3726; x_wconf 88' lang='lat' dir='ltr'>raro</span> <span class='ocrx_word' id='word_1_123' title='bbox 652 3669 694 3726; x_wconf 89' lang='lat' dir='ltr'>uti</span> <span class='ocrx_word' id='word_1_124' title='bbox 720 3687 812 3746; x_wconf 87' lang='lat' dir='ltr'>posse</span> <span class='ocrx_word' id='word_1_125' title='bbox 835 3669 980 3726; x_wconf 84' lang='lat' dir='ltr'>intellexi.</span> <span class='ocrx_word' id='word_1_126' title='bbox 1025 3666 1111 3744; x_wconf 88' lang='lat' dir='ltr'>Siqui</span> <span class='ocrx_word' id='word_1_127' title='bbox 1133 3687 1203 3726; x_wconf 88' lang='lat' dir='ltr'>vero</span> <span class='ocrx_word' id='word_1_128' title='bbox 1227 3677 1327 3736; x_wconf 84' lang='lat' dir='ltr'>erunt,</span> <span class='ocrx_word' id='word_1_129' title='bbox 1350 3667 1401 3742; x_wconf 92' lang='lat' dir='ltr'>qui</span> <span class='ocrx_word' id='word_1_130' title='bbox 1424 3685 1459 3722; x_wconf 81' lang='lat' dir='ltr'>eo</span> 
     </span>
     <span class='ocr_line' id='line_1_14' title="bbox 129 3770 1459 3844; baseline 0.001 -20"><span class='ocrx_word' id='word_1_131' title='bbox 129 3777 256 3838; x_wconf 86' lang='lat' dir='ltr'>utentur,</span> <span class='ocrx_word' id='word_1_132' title='bbox 279 3786 380 3827; x_wconf 87' lang='lat' dir='ltr'>eorum</span> <span class='ocrx_word' id='word_1_133' title='bbox 403 3770 607 3828; x_wconf 86' lang='lat' dir='ltr'>commoditati</span> <span class='ocrx_word' id='word_1_134' title='bbox 630 3771 672 3827; x_wconf 86' lang='lat' dir='ltr'>ito</span> <span class='ocrx_word' id='word_1_135' title='bbox 694 3771 864 3828; x_wconf 87' lang='lat' dir='ltr'>existimavi</span> <span class='ocrx_word' id='word_1_136' title='bbox 882 3770 1093 3828; x_wconf 88' lang='lat' dir='ltr'>consulendum</span> <span class='ocrx_word' id='word_1_137' title='bbox 1116 3787 1193 3840; x_wconf 84' lang='lat' dir='ltr'>esse,</span> <span class='ocrx_word' id='word_1_138' title='bbox 1217 3779 1249 3827; x_wconf 92' lang='lat' dir='ltr'>ut</span> <span class='ocrx_word' id='word_1_139' title='bbox 1267 3776 1459 3844; x_wconf 81' lang='lat' dir='ltr'>conspectum</span> 
     </span>
     <span class='ocr_line' id='line_1_15' title="bbox 130 3871 1459 3949; baseline 0.002 -23"><span class='ocrx_word' id='word_1_140' title='bbox 130 3888 317 3928; x_wconf 90' lang='lat' dir='ltr'>numerorum</span> <span class='ocrx_word' id='word_1_141' title='bbox 333 3871 396 3929; x_wconf 87' lang='lat' dir='ltr'>cius</span> <span class='ocrx_word' id='word_1_142' title='bbox 414 3876 513 3949; x_wconf 84' lang='lat' dir='ltr'>operis</span> <span class='ocrx_word' id='word_1_143' title='bbox 529 3883 767 3948; x_wconf 85' lang='lat' dir='ltr'>comparatorum</span> <span class='ocrx_word' id='word_1_144' title='bbox 784 3893 849 3931; x_wconf 88' lang='lat' dir='ltr'>curn</span> <span class='ocrx_word' id='word_1_145' title='bbox 866 3873 940 3930; x_wconf 91' lang='lat' dir='ltr'>meis</span> <span class='ocrx_word' id='word_1_146' title='bbox 962 3873 1008 3930; x_wconf 92' lang='lat' dir='ltr'>hic</span> <span class='ocrx_word' id='word_1_147' title='bbox 1031 3889 1229 3948; x_wconf 86' lang='lat' dir='ltr'>proponerem</span> <span class='ocrx_word' id='word_1_148' title='bbox 1246 3871 1376 3947; x_wconf 88' lang='lat' dir='ltr'>plenum,</span> <span class='ocrx_word' id='word_1_149' title='bbox 1400 3872 1459 3928; x_wconf 88' lang='lat' dir='ltr'>sci-</span> 
     </span>
     <span class='ocr_line' id='line_1_16' title="bbox 131 3970 1459 4050; baseline 0.001 -23"><span class='ocrx_word' id='word_1_150' title='bbox 131 3970 195 4029; x_wconf 89' lang='lat' dir='ltr'>licet</span> <span class='ocrx_word' id='word_1_151' title='bbox 212 3982 271 4029; x_wconf 86' lang='lat' dir='ltr'>tam</span> <span class='ocrx_word' id='word_1_152' title='bbox 288 3973 441 4031; x_wconf 90' lang='lat' dir='ltr'>titulorum</span> <span class='ocrx_word' id='word_1_153' title='bbox 458 3993 571 4046; x_wconf 87' lang='lat' dir='ltr'>eorum,</span> <span class='ocrx_word' id='word_1_154' title='bbox 595 3992 672 4050; x_wconf 90' lang='lat' dir='ltr'>quos</span> <span class='ocrx_word' id='word_1_155' title='bbox 695 3976 826 4033; x_wconf 91' lang='lat' dir='ltr'>nondum</span> <span class='ocrx_word' id='word_1_156' title='bbox 844 3976 928 4032; x_wconf 89' lang='lat' dir='ltr'>attuli</span> <span class='ocrx_word' id='word_1_157' title='bbox 945 3992 1040 4048; x_wconf 90' lang='lat' dir='ltr'>neque</span> <span class='ocrx_word' id='word_1_158' title='bbox 1063 3975 1094 4031; x_wconf 92' lang='lat' dir='ltr'>in</span> <span class='ocrx_word' id='word_1_159' title='bbox 1116 3975 1181 4048; x_wconf 89' lang='lat' dir='ltr'>ipso</span> <span class='ocrx_word' id='word_1_160' title='bbox 1198 3993 1288 4050; x_wconf 91' lang='lat' dir='ltr'>opere</span> <span class='ocrx_word' id='word_1_161' title='bbox 1311 3991 1407 4047; x_wconf 87' lang='lat' dir='ltr'>neque</span> <span class='ocrx_word' id='word_1_162' title='bbox 1429 3973 1459 4029; x_wconf 90' lang='lat' dir='ltr'>iu</span> 
     </span>
     <span class='ocr_line' id='line_1_17' title="bbox 132 4073 1460 4151; baseline 0.001 -22"><span class='ocrx_word' id='word_1_163' title='bbox 132 4073 349 4144; x_wconf 78' lang='lat' dir='ltr'>additamentis,</span> <span class='ocrx_word' id='word_1_164' title='bbox 363 4094 451 4151; x_wconf 88' lang='lat' dir='ltr'>quam</span> <span class='ocrx_word' id='word_1_165' title='bbox 467 4076 660 4150; x_wconf 89' lang='lat' dir='ltr'>reliquorum.</span> <span class='ocrx_word' id='word_1_166' title='bbox 684 4076 802 4136; x_wconf 86' lang='lat' dir='ltr'>Deinde</span> <span class='ocrx_word' id='word_1_167' title='bbox 816 4095 886 4135; x_wconf 88' lang='lat' dir='ltr'>vero</span> <span class='ocrx_word' id='word_1_168' title='bbox 902 4077 977 4134; x_wconf 93' lang='lat' dir='ltr'>illud</span> <span class='ocrx_word' id='word_1_169' title='bbox 993 4076 1107 4134; x_wconf 86' lang='lat' dir='ltr'>accedit</span> <span class='ocrx_word' id='word_1_170' title='bbox 1121 4075 1164 4133; x_wconf 89' lang='lat' dir='ltr'>rei</span> <span class='ocrx_word' id='word_1_171' title='bbox 1180 4075 1237 4150; x_wconf 90' lang='lat' dir='ltr'>ipsi</span> <span class='ocrx_word' id='word_1_172' title='bbox 1251 4087 1338 4150; x_wconf 86' lang='lat' dir='ltr'>atque</span> <span class='ocrx_word' id='word_1_173' title='bbox 1352 4073 1460 4131; x_wconf 89' lang='lat' dir='ltr'>doctri-</span> 
     </span>
     <span class='ocr_line' id='line_1_18' title="bbox 132 4175 1460 4255; baseline 0.001 -25"><span class='ocrx_word' id='word_1_174' title='bbox 132 4193 185 4232; x_wconf 88' lang='lat' dir='ltr'>nae</span> <span class='ocrx_word' id='word_1_175' title='bbox 200 4176 410 4252; x_wconf 83' lang='lat' dir='ltr'>epigraphicae</span> <span class='ocrx_word' id='word_1_176' title='bbox 426 4177 628 4248; x_wconf 79' lang='lat' dir='ltr'>utilissimum,</span> <span class='ocrx_word' id='word_1_177' title='bbox 651 4179 786 4255; x_wconf 81' lang='lat' dir='ltr'>syllegae</span> <span class='ocrx_word' id='word_1_178' title='bbox 802 4199 872 4237; x_wconf 87' lang='lat' dir='ltr'>vero</span> <span class='ocrx_word' id='word_1_179' title='bbox 889 4197 972 4237; x_wconf 88' lang='lat' dir='ltr'>meae</span> <span class='ocrx_word' id='word_1_180' title='bbox 988 4178 1219 4249; x_wconf 87' lang='lat' dir='ltr'>incommodum,</span> <span class='ocrx_word' id='word_1_181' title='bbox 1242 4176 1323 4251; x_wconf 88' lang='lat' dir='ltr'>quod</span> <span class='ocrx_word' id='word_1_182' title='bbox 1340 4175 1408 4233; x_wconf 90' lang='lat' dir='ltr'>inde</span> <span class='ocrx_word' id='word_1_183' title='bbox 1424 4176 1460 4232; x_wconf 90' lang='lat' dir='ltr'>ab</span> 
     </span>
     <span class='ocr_line' id='line_1_19' title="bbox 132 4275 1461 4356; baseline 0.003 -26"><span class='ocrx_word' id='word_1_184' title='bbox 132 4275 196 4351; x_wconf 86' lang='lat' dir='ltr'>ipso</span> <span class='ocrx_word' id='word_1_185' title='bbox 208 4296 286 4335; x_wconf 90' lang='lat' dir='ltr'>anno</span> <span class='ocrx_word' id='word_1_186' title='bbox 298 4276 582 4337; x_wconf 85' lang='lat' dir='ltr'>MDCCCLXXIH</span> <span class='ocrx_word' id='word_1_187' title='bbox 595 4281 739 4339; x_wconf 87' lang='lat' dir='ltr'>stationes</span> <span class='ocrx_word' id='word_1_188' title='bbox 753 4282 867 4356; x_wconf 85' lang='lat' dir='ltr'>aliquot</span> <span class='ocrx_word' id='word_1_189' title='bbox 880 4281 950 4338; x_wconf 84' lang='lat' dir='ltr'>valli</span> <span class='ocrx_word' id='word_1_190' title='bbox 960 4280 1130 4338; x_wconf 58' lang='lat' dir='ltr'>*Britannici</span> <span class='ocrx_word' id='word_1_191' title='bbox 1144 4287 1266 4353; x_wconf 83' lang='lat' dir='ltr'>coeptae</span> <span class='ocrx_word' id='word_1_192' title='bbox 1283 4287 1354 4335; x_wconf 86' lang='lat' dir='ltr'>sunt</span> <span class='ocrx_word' id='word_1_193' title='bbox 1369 4277 1461 4336; x_wconf 91' lang='lat' dir='ltr'>multo</span> 
     </span>
     <span class='ocr_line' id='line_1_20' title="bbox 134 4379 1460 4458; baseline 0.002 -23"><span class='ocrx_word' id='word_1_194' title='bbox 134 4380 242 4437; x_wconf 82' lang='lat' dir='ltr'>maiore</span> <span class='ocrx_word' id='word_1_195' title='bbox 264 4398 353 4455; x_wconf 87' lang='lat' dir='ltr'>quam</span> <span class='ocrx_word' id='word_1_196' title='bbox 377 4381 474 4438; x_wconf 89' lang='lat' dir='ltr'>adbuc</span> <span class='ocrx_word' id='word_1_197' title='bbox 502 4381 613 4440; x_wconf 85' lang='lat' dir='ltr'>factum</span> <span class='ocrx_word' id='word_1_198' title='bbox 636 4391 700 4440; x_wconf 88' lang='lat' dir='ltr'>erat</span> <span class='ocrx_word' id='word_1_199' title='bbox 722 4402 794 4440; x_wconf 90' lang='lat' dir='ltr'>cura</span> <span class='ocrx_word' id='word_1_200' title='bbox 817 4382 968 4458; x_wconf 86' lang='lat' dir='ltr'>explorari</span> <span class='ocrx_word' id='word_1_201' title='bbox 998 4391 1087 4457; x_wconf 90' lang='lat' dir='ltr'>atque</span> <span class='ocrx_word' id='word_1_202' title='bbox 1110 4381 1198 4439; x_wconf 85' lang='lat' dir='ltr'>effodi</span> <span class='ocrx_word' id='word_1_203' title='bbox 1222 4399 1275 4454; x_wconf 90' lang='lat' dir='ltr'>per</span> <span class='ocrx_word' id='word_1_204' title='bbox 1296 4379 1460 4438; x_wconf 88' lang='lat' dir='ltr'>Iohannem</span> 
     </span>
     <span class='ocr_line' id='line_1_21' title="bbox 134 4477 1459 4561; baseline 0 -23"><span class='ocrx_word' id='word_1_205' title='bbox 134 4477 346 4558; x_wconf 86' lang='lat' dir='ltr'>Olaytonem</span> <span class='ocrx_word' id='word_1_206' title='bbox 369 4483 463 4540; x_wconf 82' lang='lat' dir='ltr'>civem</span> <span class='ocrx_word' id='word_1_207' title='bbox 484 4485 696 4542; x_wconf 84' lang='lat' dir='ltr'>Aelianensem</span> <span class='ocrx_word' id='word_1_208' title='bbox 720 4485 756 4542; x_wconf 90' lang='lat' dir='ltr'>de</span> <span class='ocrx_word' id='word_1_209' title='bbox 779 4505 810 4542; x_wconf 93' lang='lat' dir='ltr'>re</span> <span class='ocrx_word' id='word_1_210' title='bbox 833 4483 1027 4561; x_wconf 84' lang='lat' dir='ltr'>epigraphica</span> <span class='ocrx_word' id='word_1_211' title='bbox 1049 4483 1155 4541; x_wconf 87' lang='lat' dir='ltr'>vallari</span> <span class='ocrx_word' id='word_1_212' title='bbox 1179 4487 1290 4557; x_wconf 90' lang='lat' dir='ltr'>optime</span> <span class='ocrx_word' id='word_1_213' title='bbox 1313 4483 1459 4540; x_wconf 87' lang='lat' dir='ltr'>meritum.</span> 
     </span>
     <span class='ocr_line' id='line_1_22' title="bbox 133 4578 1461 4661; baseline 0.003 -25"><span class='ocrx_word' id='word_1_214' title='bbox 133 4578 177 4638; x_wconf 85' lang='lat' dir='ltr'>Ita</span> <span class='ocrx_word' id='word_1_215' title='bbox 189 4582 305 4642; x_wconf 88' lang='lat' dir='ltr'>Cilurni</span> <span class='ocrx_word' id='word_1_216' title='bbox 319 4583 499 4643; x_wconf 80' lang='lat' dir='ltr'>Procolitiao</span> <span class='ocrx_word' id='word_1_217' title='bbox 512 4585 637 4644; x_wconf 86' lang='lat' dir='ltr'>aliarum</span> <span class='ocrx_word' id='word_1_218' title='bbox 654 4587 815 4644; x_wconf 82' lang='lat' dir='ltr'>stationum</span> <span class='ocrx_word' id='word_1_219' title='bbox 831 4586 908 4644; x_wconf 88' lang='lat' dir='ltr'>tituli</span> <span class='ocrx_word' id='word_1_220' title='bbox 926 4587 995 4643; x_wconf 81' lang='lat' dir='ltr'>novi</span> <span class='ocrx_word' id='word_1_221' title='bbox 1011 4585 1185 4661; x_wconf 89' lang='lat' dir='ltr'>prodierunt</span> <span class='ocrx_word' id='word_1_222' title='bbox 1199 4603 1252 4660; x_wconf 90' lang='lat' dir='ltr'>per</span> <span class='ocrx_word' id='word_1_223' title='bbox 1267 4585 1323 4642; x_wconf 87' lang='lat' dir='ltr'>hos</span> <span class='ocrx_word' id='word_1_224' title='bbox 1339 4583 1461 4640; x_wconf 87' lang='lat' dir='ltr'>ultimos</span> 
     </span>
     <span class='ocr_line' id='line_1_23' title="bbox 133 4686 1461 4765; baseline -0.001 -24"><span class='ocrx_word' id='word_1_225' title='bbox 133 4703 224 4744; x_wconf 87' lang='lat' dir='ltr'>annos</span> <span class='ocrx_word' id='word_1_226' title='bbox 248 4705 306 4742; x_wconf 89' lang='lat' dir='ltr'>non</span> <span class='ocrx_word' id='word_1_227' title='bbox 329 4687 414 4764; x_wconf 88' lang='lat' dir='ltr'>pauci</span> <span class='ocrx_word' id='word_1_228' title='bbox 438 4688 643 4763; x_wconf 89' lang='lat' dir='ltr'>prodeuntque</span> <span class='ocrx_word' id='word_1_229' title='bbox 666 4707 759 4765; x_wconf 90' lang='lat' dir='ltr'>paene</span> <span class='ocrx_word' id='word_1_230' title='bbox 783 4688 936 4758; x_wconf 87' lang='lat' dir='ltr'>continue;</span> <span class='ocrx_word' id='word_1_231' title='bbox 961 4705 1038 4762; x_wconf 90' lang='lat' dir='ltr'>quos</span> <span class='ocrx_word' id='word_1_232' title='bbox 1068 4686 1169 4745; x_wconf 85' lang='lat' dir='ltr'>statim</span> <span class='ocrx_word' id='word_1_233' title='bbox 1193 4704 1307 4743; x_wconf 87' lang='lat' dir='ltr'>mecum</span> <span class='ocrx_word' id='word_1_234' title='bbox 1330 4704 1461 4744; x_wconf 90' lang='lat' dir='ltr'>commu·</span> 
     </span>
     <span class='ocr_line' id='line_1_24' title="bbox 134 4787 1461 4862; baseline 0.002 -22"><span class='ocrx_word' id='word_1_235' title='bbox 134 4787 231 4845; x_wconf 86' lang='lat' dir='ltr'>nicure</span> <span class='ocrx_word' id='word_1_236' title='bbox 254 4789 331 4846; x_wconf 85' lang='lat' dir='ltr'>solet</span> <span class='ocrx_word' id='word_1_237' title='bbox 347 4788 447 4846; x_wconf 90' lang='lat' dir='ltr'>Brucii</span> <span class='ocrx_word' id='word_1_238' title='bbox 463 4789 599 4848; x_wconf 78' lang='lat' dir='ltr'>officiosa</span> <span class='ocrx_word' id='word_1_239' title='bbox 622 4790 766 4848; x_wconf 84' lang='lat' dir='ltr'>sollertia.</span> <span class='ocrx_word' id='word_1_240' title='bbox 805 4789 950 4849; x_wconf 85' lang='lat' dir='ltr'>Similiter</span> <span class='ocrx_word' id='word_1_241' title='bbox 972 4789 1039 4846; x_wconf 90' lang='lat' dir='ltr'>inde</span> <span class='ocrx_word' id='word_1_242' title='bbox 1062 4788 1219 4846; x_wconf 89' lang='lat' dir='ltr'>abeodem</span> <span class='ocrx_word' id='word_1_243' title='bbox 1242 4788 1304 4844; x_wconf 84' lang='lat' dir='ltr'>lere</span> <span class='ocrx_word' id='word_1_244' title='bbox 1328 4797 1461 4862; x_wconf 86' lang='lat' dir='ltr'>tempore</span> 
     </span>
     <span class='ocr_line' id='line_1_25' title="bbox 134 4884 1461 4949; baseline -0.001 -5"><span class='ocrx_word' id='word_1_245' title='bbox 134 4884 260 4947; x_wconf 84' lang='lat' dir='ltr'>Eboraci</span> <span class='ocrx_word' id='word_1_246' title='bbox 284 4891 313 4947; x_wconf 92' lang='lat' dir='ltr'>in</span> <span class='ocrx_word' id='word_1_247' title='bbox 330 4890 507 4948; x_wconf 83' lang='lat' dir='ltr'>effodiendis</span> <span class='ocrx_word' id='word_1_248' title='bbox 523 4891 723 4948; x_wconf 79' lang='lat' dir='ltr'>fundamentis</span> <span class='ocrx_word' id='word_1_249' title='bbox 740 4891 776 4949; x_wconf 93' lang='lat' dir='ltr'>ad</span> <span class='ocrx_word' id='word_1_250' title='bbox 793 4911 901 4948; x_wconf 86' lang='lat' dir='ltr'>novom</span> <span class='ocrx_word' id='word_1_251' title='bbox 918 4891 982 4948; x_wconf 83' lang='lat' dir='ltr'>riae</span> <span class='ocrx_word' id='word_1_252' title='bbox 1004 4890 1118 4949; x_wconf 83' lang='lat' dir='ltr'>ferreae</span> <span class='ocrx_word' id='word_1_253' title='bbox 1142 4890 1300 4948; x_wconf 87' lang='lat' dir='ltr'>stationem</span> <span class='ocrx_word' id='word_1_254' title='bbox 1324 4898 1461 4946; x_wconf 89' lang='lat' dir='ltr'>extruen-</span> 
     </span>
     <span class='ocr_line' id='line_1_26' title="bbox 135 4987 1462 5069; baseline 0 -25"><span class='ocrx_word' id='word_1_255' title='bbox 135 4987 198 5048; x_wconf 86' lang='lat' dir='ltr'>dam</span> <span class='ocrx_word' id='word_1_256' title='bbox 223 4991 301 5048; x_wconf 87' lang='lat' dir='ltr'>tituli</span> <span class='ocrx_word' id='word_1_257' title='bbox 317 4991 430 5066; x_wconf 89' lang='lat' dir='ltr'>aliquot</span> <span class='ocrx_word' id='word_1_258' title='bbox 446 4993 475 5049; x_wconf 91' lang='lat' dir='ltr'>in</span> <span class='ocrx_word' id='word_1_259' title='bbox 490 4993 587 5051; x_wconf 87' lang='lat' dir='ltr'>lucem</span> <span class='ocrx_word' id='word_1_260' title='bbox 604 4993 745 5068; x_wconf 88' lang='lat' dir='ltr'>protracti</span> <span class='ocrx_word' id='word_1_261' title='bbox 763 5003 833 5050; x_wconf 86' lang='lat' dir='ltr'>sunt</span> <span class='ocrx_word' id='word_1_262' title='bbox 849 4993 1014 5069; x_wconf 85' lang='lat' dir='ltr'>argumenti</span> <span class='ocrx_word' id='word_1_263' title='bbox 1033 4993 1140 5068; x_wconf 88' lang='lat' dir='ltr'>partim</span> <span class='ocrx_word' id='word_1_264' title='bbox 1157 4991 1277 5047; x_wconf 89' lang='lat' dir='ltr'>minime</span> <span class='ocrx_word' id='word_1_265' title='bbox 1294 4990 1372 5047; x_wconf 87' lang='lat' dir='ltr'>vilis.</span> <span class='ocrx_word' id='word_1_266' title='bbox 1418 4989 1462 5044; x_wconf 85' lang='lat' dir='ltr'>Ea</span> 
     </span>
     <span class='ocr_line' id='line_1_27' title="bbox 135 5091 1461 5170; baseline 0 -24"><span class='ocrx_word' id='word_1_267' title='bbox 135 5091 223 5166; x_wconf 87' lang='lat' dir='ltr'>igitur</span> <span class='ocrx_word' id='word_1_268' title='bbox 245 5094 345 5151; x_wconf 87' lang='lat' dir='ltr'>omnia</span> <span class='ocrx_word' id='word_1_269' title='bbox 369 5114 515 5152; x_wconf 86' lang='lat' dir='ltr'>unacum</span> <span class='ocrx_word' id='word_1_270' title='bbox 538 5095 794 5152; x_wconf 82' lang='lat' dir='ltr'>emendationibus</span> <span class='ocrx_word' id='word_1_271' title='bbox 817 5095 994 5170; x_wconf 85' lang='lat' dir='ltr'>quibusdam</span> <span class='ocrx_word' id='word_1_272' title='bbox 1018 5095 1175 5151; x_wconf 90' lang='lat' dir='ltr'>lectionum</span> <span class='ocrx_word' id='word_1_273' title='bbox 1193 5111 1324 5149; x_wconf 82' lang='lat' dir='ltr'>mearum</span> <span class='ocrx_word' id='word_1_274' title='bbox 1347 5101 1461 5148; x_wconf 91' lang='lat' dir='ltr'>etcum</span> 
     </span>
     <span class='ocr_line' id='line_1_28' title="bbox 132 5190 1460 5269; baseline 0.002 -23"><span class='ocrx_word' id='word_1_275' title='bbox 132 5190 384 5253; x_wconf 82' lang='lat' dir='ltr'>illustrationibus</span> <span class='ocrx_word' id='word_1_276' title='bbox 408 5195 559 5253; x_wconf 90' lang='lat' dir='ltr'>titulorum</span> <span class='ocrx_word' id='word_1_277' title='bbox 584 5197 620 5253; x_wconf 88' lang='lat' dir='ltr'>ab</span> <span class='ocrx_word' id='word_1_278' title='bbox 644 5197 721 5268; x_wconf 61' lang='lat' dir='ltr'>aliis</span> <span class='ocrx_word' id='word_1_279' title='bbox 749 5197 839 5254; x_wconf 85' lang='lat' dir='ltr'>veluti</span> <span class='ocrx_word' id='word_1_280' title='bbox 864 5215 881 5252; x_wconf 87' lang='lat' dir='ltr'>a</span> <span class='ocrx_word' id='word_1_281' title='bbox 905 5193 1057 5253; x_wconf 82' lang='lat' dir='ltr'>Guilelmo</span> <span class='ocrx_word' id='word_1_282' title='bbox 1077 5195 1287 5269; x_wconf 84' lang='lat' dir='ltr'>Tlrornpson</span> <span class='ocrx_word' id='word_1_283' title='bbox 1304 5193 1460 5259; x_wconf 80' lang='lat' dir='ltr'>Watlriu,</span> 
     </span>
    </p>
   </div>
   <div class='ocr_carea' id='block_1_5' title="bbox 0 0 1772 5828">
    <p class='ocr_par' dir='ltr' id='par_1_5' title="bbox 0 0 1772 5828">
     <span class='ocr_line' id='line_1_29' title="bbox 0 0 1772 5828; baseline 0 0"><span class='ocrx_word' id='word_1_284' title='bbox 0 0 1772 5828; x_wconf 95' lang='lat' dir='ltr'> </span> 
     </span>
    </p>
   </div>
  </div>
 </body>
</html>
