3488 5828
317 503 391 574 248
910 524 1077 575 sosonu.

400 699 436 755 A.
463 696 541 755 1876
565 699 711 757 translata
743 698 978 774 antiquititatum
1012 717 1084 756 cura
1117 715 1235 756 summa
1255 697 1292 755 ad
1316 696 1341 754 Ι.
1364 697 1549 756 Fiorellium
1571 699 1646 756 aedis

316 799 479 858 Faustinae
501 800 611 877 gradus
634 800 736 876 eisque
762 819 839 877 quae
869 801 1010 878 proxima
1036 807 1106 858 sunt
1132 798 1245 858 effossa
1266 807 1345 858 suut.
1390 807 1501 858 extant
1522 799 1646 859 eiusdem

316 900 490 959 Relationes
530 903 690 979 perbreves
729 921 823 981 supra
862 903 980 962 citatae.
1025 901 1202 978 prodierunt
1237 920 1273 962 eo
1306 921 1386 962 anno
1421 923 1438 960 e
1468 911 1549 962 terra
1576 903 1647 962 tituli

318 1003 450 1062 76-82.
474 1003 523 1063 85.
549 1004 661 1065 18911.

627 1293 672 1367 II.
727 1293 784 1368 De
811 1294 1060 1368 monumentis
1087 1295 1158 1368 fori
1186 1294 1338 1368 romani.

399 1503 532 1560 Deorum
555 1503 737 1578 dearumque
759 1504 933 1561 memoriam
966 1504 996 1561 in
1029 1504 1095 1561 loro
1129 1521 1253 1560 romano
1279 1503 1350 1562 olim
1380 1511 1425 1561 tot
1451 1502 1645 1560 monumentis

314 1605 493 1663 celebratam
528 1603 641 1663 ultimis
674 1605 792 1681 imperii
824 1605 940 1663 romani
972 1605 1156 1682 temporibus
1183 1625 1278 1682 paene
1308 1605 1474 1664 extinctam
1504 1623 1574 1664 esse
1603 1603 1645 1661 rel

314 1707 388 1765 haec
410 1707 637 1783 inscriptionum
660 1707 778 1784 sylloge
800 1707 895 1765 docet.
940 1725 1007 1764 nam
1042 1708 1067 1765 si
1101 1707 1256 1785 exceperis
1278 1709 1362 1766 Iovis
1393 1707 1536 1784 epulonis
1566 1707 1645 1764 basin

314 1811 438 1887 originis
461 1809 591 1867 incertae
612 1809 654 1884 (v.
676 1809 713 1866 ad
737 1810 820 1886 151),
843 1809 951 1867 deinde
973 1808 1076 1868 titulos
1099 1810 1177 1867 intra
1198 1809 1316 1868 aedium
1340 1827 1498 1868 sacrarum
1520 1809 1644 1885 parietes

313 1912 465 1969 dedicatos
495 1909 680 1970 Concordiae
701 1910 849 1986 (ll-16.
881 1911 929 1970 50.
963 1910 1035 1986 155)
1065 1911 1180 1970 Vestae
1205 1911 1272 1988 (532
1302 1930 1331 1968 v.
1360 1911 1452 1985 iufra)
1484 1910 1644 1970 Libertatis

313 2012 395 2088 (20),
428 2013 576 2088 basesque
605 2014 762 2090 Augustae
791 2014 897 2072 domus
926 2012 1081 2072 Fortunae
1108 2012 1222 2072 Reduci
1245 2013 1399 2074 Victoriae
1426 2012 1504 2071 Paci
1533 2013 1643 2070 diosus

313 2113 517 2190 (tlt-118),
550 2134 627 2190 quae
649 2125 841 2174 monumenta
867 2135 919 2173 cur
940 2116 1088 2192 excipiam
1112 2116 1191 2173 ultro
1214 2123 1350 2192 apparet,
1371 2115 1549 2192 paucissimi
1572 2113 1643 2171 tituli

313 2216 390 2275 sacri
413 2216 635 2292 relinquuntur:
670 2217 796 2276 Volcani
819 2218 925 2294 deique
948 2218 1052 2276 incerti
1076 2217 1203 2276 dedicati
1237 2220 1274 2278 ab
1303 2219 1486 2294 imperatore
1509 2217 1642 2294 Augusto

313 2317 398 2393 (121.
424 2316 507 2393 123),
530 2317 669 2378 Herculis
688 2319 837 2384 Tiburtini
860 2319 908 2396 (72
932 2339 1112 2396 quamquam
1135 2320 1192 2378 hoc
1213 2339 1331 2396 quoque
1354 2329 1581 2379 monumentum
1602 2320 1643 2394 ip·

312 2421 375 2479 sius
397 2424 528 2479 stationis
550 2421 599 2480 ubi
621 2423 744 2480 extabat
765 2423 859 2480 tutela
881 2421 1048 2497 utebatur),
1070 2421 1148 2480 tituli
1168 2413 1290 2496 Ἀθάνᾳ
1312 2413 1494 2504 ἅποτροπαίᾳ
1517 2431 1547 2481 et
1568 2415 1643 2478 cisra·

313 2511 440 2583 σικάκοις
455 2518 536 2584 θεοῖς
558 2541 591 2582 ss
612 2525 729 2583 oraculo
751 2523 880 2583 dedicati
903 2523 1200 2600 (malatesta),
1222 2525 1279 2582 boc
1300 2534 1348 2584 est
1370 2526 1407 2583 de
1429 2525 1568 2584 ducentis
1591 2525 1641 2581 cir·

312 2625 386 2683 citer
400 2624 541 2702 quinque.
575 2644 634 2701 quo
651 2627 747 2704 magis
763 2626 930 2684 mirandum
945 2635 1026 2685 esset
1040 2627 1120 2703 quod
1135 2645 1213 2685 anno
1230 2627 1288 2685 367
1306 2645 1333 2702 p.
1344 2625 1379 2686 0.
1397 2629 1516 2685 deorum
1531 2645 1642 2685 consen·

311 2729 380 2784 tium
406 2737 590 2786 samoaancta
616 2728 772 2788 simulacra
798 2729 957 2788 restituere
979 2729 1094 2804 placuit
1115 2728 1174 2805 (2),
1201 2729 1259 2787 nisi
1283 2728 1331 2786 De
1352 2729 1455 2788 Rossii
1480 2729 1641 2807 praeclaris

312 2828 564 2905 disputationibus
586 2838 746 2901 constaret,
776 2831 873 2907 quarti
896 2832 1051 2909 quintique
1074 2832 1262 2890 saeculorum
1284 2832 1482 2908 imperatores
1506 2831 1642 2891 christis-

310 2949 366 2988 nos
387 2930 431 2988 ita
451 2949 510 2990 uon
532 2931 563 2990 in
586 2949 704 3010 pagana
719 2946 911 2992 monumenta
933 2917 1067 2992 saevisse
1089 2943 1121 2992 ut
1143 2953 1180 2991 ea
1201 2933 1266 2991 urbi
1281 2933 1380 2992 decori
1402 2951 1471 2993 esse
1494 2934 1642 2993 voluerint

310 3033 450 3109 adempta
472 3033 694 3110 superstitione.
740 3035 793 3094 sed
810 3044 1042 3094 consentaneum
1064 3043 1112 3094 est
1134 3055 1253 3094 ararum
1274 3036 1491 3112 signorumque
1514 3037 1640 3113 antiqui·

310 3143 358 3193 tus
379 3135 409 3192 iu
431 3134 497 3194 loro
518 3136 720 3195 dedicatorum
743 3147 856 3212 partem
880 3138 1022 3197 maiorem
1045 3145 1089 3196 tot
1105 3155 1247 3196 novorum
1264 3146 1525 3197 monumentorum
1549 3158 1641 3216 paene

310 3236 438 3313 singulis
461 3238 548 3296 annis
570 3239 636 3296 foro
659 3239 871 3298 immolitorum
892 3241 1050 3316 irruptioni
1072 3241 1229 3299 continuae
1259 3241 1386 3299 cessisse
1419 3242 1578 3317 paulatim,
1612 3249 1641 3301 ut

310 3357 370 3396 non
391 3338 435 3396 ita
456 3339 550 3397 multa
571 3340 744 3400 duraverint
765 3342 803 3400 ad
824 3342 1034 3418 imperatorum
1058 3342 1177 3402 illorum
1200 3342 1308 3402 nedum
1330 3343 1370 3400 ad
1390 3339 1583 3404 ‘barbaricae
1604 3349 1641 3403 ir·

310 3435 468 3517 ruptionis'
501 3449 643 3516 tempora
687 3443 788 3520 itaque
811 3444 953 3503 detractis
985 3445 1048 3504 illis
1082 3446 1176 3504 titulis
1209 3447 1303 3504 sacris
1333 3445 1405 3521 quid
1428 3445 1538 3504 mirum
1560 3447 1639 3523 quod

309 3542 415 3618 reliqui
439 3552 509 3602 sunt
529 3544 664 3620 plerique
679 3548 834 3624 Augustae
856 3548 963 3606 domus
980 3547 1170 3623 virorumque
1190 3548 1404 3606 bonoratorum
1426 3548 1565 3626 interque
1589 3569 1639 3608 eos

309 3663 437 3720 quorum
460 3654 543 3704 aetas
566 3655 648 3705 certa
680 3647 719 3706 sit
742 3649 793 3706 vix
827 3649 978 3708 dimidiam
1012 3658 1126 3724 partem
1149 3649 1282 3708 efficiunt
1314 3649 1393 3708 tituli
1416 3651 1638 3710 Antoninorum

310 3755 407 3806 aetate
435 3747 631 3824 antiquiores,
660 3750 772 3808 liberae
794 3759 892 3808 autem
918 3751 959 3808 rei
989 3751 1123 3827 publicae
1150 3753 1333 3828 temporibus
1354 3753 1532 3829 paucissimi
1555 3756 1638 3830 eique

308 3851 451 3908 extremis
468 3850 571 3927 scripti
594 3861 672 3908 sunt.
707 3871 783 3927 quae
798 3872 846 3911 res
861 3873 922 3930 quo
937 3853 1049 3912 clarius
1065 3863 1264 3930 cognoscatur
1286 3853 1461 3913 laterculum
1484 3856 1638 3914 titulorum

308 3961 389 4011 certa
410 3952 517 4012 aetatis
541 3959 613 4010 nota
634 3953 797 4030 insignium
820 3955 898 4014 iufra
919 3956 1043 4014 exhibui
1058 3955 1210 4014 distinctis
1234 3955 1378 4014 aedificiis
1400 3957 1542 4033 publicis,
1564 3977 1638 4034 quas

308 4061 404 4131 pauca
426 4063 505 4126 sunt,
527 4055 697 4114 litteratura
717 4057 874 4132 quadrata.

308 4257 589 4335 syllaque-numeria
816 4272 1020 4322 monumentum
1288 4282 1382 4322 annus
1405 4262 1512 4339 (astas,
1535 4266 1617 4344 imp.)

329 4461 368 4520 92
612 4481 712 4526 nacvs
732 4483 881 4526 rssrnuvs
900 4469 998 4528 sactus
1061 4513 1067 4526 .
1112 4512 1119 4525 .
1165 4511 1171 4524 .
1216 4513 1223 4526 .
1268 4487 1294 4525 a.
1309 4469 1368 4528 633

612 4568 769 4628 restitutus
801 4612 1224 4629 .........
1269 4591 1295 4628 a.
1320 4570 1399 4630 6987

612 4671 641 4728 b.
664 4671 704 4728 M.
729 4669 826 4747 Cispii
847 4671 884 4730 L.
906 4672 926 4731 f.
950 4679 1070 4747 praet..
1116 4714 1123 4730 .
1168 4715 1174 4728 .
1219 4715 1226 4729 .
1271 4672 1329 4731 inc.
1352 4691 1429 4732 saec.
1454 4674 1539 4733 VII?

612 4774 640 4831 b.
674 4773 885 4850 magistrorum
920 4774 1038 4852 collegii
1071 4773 1225 4832 tibicinum

693 4875 758 4933 Iovi
780 4875 911 4952 Epuloui
934 4894 1020 4935 sacra
1060 4919 1067 4933 .
1113 4921 1120 4935 .
1165 4920 1172 4934 .
1216 4919 1223 4934 .
1267 4877 1325 4935 inc.
1349 4895 1427 4938 saec.
1450 4879 1529 4938 Vll?

611 4977 751 5052 basis(i)
773 4975 810 5034 L.
834 4977 940 5036 Planci
962 4976 998 5035 L.
1015 4979 1066 5036 f..
1112 5024 1118 5036 .
1164 5024 1171 5037 .
1216 5023 1223 5037 .
1321 4979 1380 5038 712

610 5080 639 5136 b.
662 5080 802 5155 Augusto
824 5079 960 5137 dedicata
1007 5122 1222 5140 .....
1320 5081 1380 5140 725

610 5180 639 5237 b.
664 5179 801 5238 Volcano
823 5180 861 5238 ab
884 5182 1023 5259 Augusto
1046 5183 1073 5240 d.
1112 5226 1119 5240 .
1164 5227 1170 5239 .
1217 5227 1223 5240 .
1321 5182 1380 5242 745
