3458 5820
345 505 417 576 326
917 529 1100 580 uoltusnu

496 700 540 759 Μ.
573 701 686 761 Corneli
713 701 779 761 Pol.
803 702 948 762 Valeriae.
964 706 1091 779 flamini,
1115 705 1247 779 prcetmi
1268 702 1308 759 II
1330 719 1417 761 anau
1439 702 1564 762 Volcani
1589 702 1664 763 Grnt

591 803 696 876 slas
719 804 809 880 (vidit
831 802 986 881 Smetins).
1031 803 1146 866 Similis
1171 804 1284 877 titulus,
1311 824 1401 881 quem
1423 807 1567 883 proponit
1588 804 1664 866 Grut.

590 907 695 978 aaa?
718 907 802 982 (inde
827 907 997 967 Wilmanns
1022 906 1116 983 1723)
1144 917 1299 986 acceptum
1328 908 1464 966 referens
1488 907 1596 967 Fulvio
1617 908 1664 969 Ur·

589 1009 665 1082 sino,
688 1010 757 1068 vide
779 1029 816 1068 ne
839 1011 879 1069 sit
904 1011 983 1070 idem
1006 1009 1237 1070 aGutenstenio
1256 1010 1457 1088 interpolatus
1478 1011 1611 1070 adhibito
1630 1011 1664 1068 ul·

588 1119 653 1171 tero
676 1111 830 1171 Orelliano
857 1111 947 1171 2204.

426 1215 454 1272 3.
498 1213 659 1290 Pont(isen)
683 1216 838 1292 utriusque
859 1215 939 1274 tituli
963 1215 1005 1291 (A
1029 1216 1057 1288 7,
1080 1215 1105 1273 B
1130 1215 1162 1291 7)
1188 1234 1247 1274 non
1270 1216 1345 1276 satis
1367 1223 1487 1275 constat
1508 1225 1605 1275 utrum
1624 1233 1663 1274 so·

341 1315 393 1374 lito
415 1335 498 1375 more
520 1317 710 1393 accipiendus
733 1319 773 1376 sit
794 1338 832 1376 an
855 1317 1046 1393 intellegatur
1062 1317 1196 1377 Ostiensi
1217 1318 1260 1376 rei
1282 1319 1422 1394 publicae
1443 1319 1586 1395 proprius
1603 1337 1662 1394 pon·

341 1421 411 1494 tifex
431 1418 551 1478 Volcani
572 1429 600 1478 at
620 1421 732 1479 aedium
754 1439 912 1490 sacrarum,
936 1439 1023 1497 quem
1054 1421 1239 1480 sacerdotem
1262 1419 1360 1481 Ostiis
1383 1441 1452 1480 eum
1475 1422 1574 1480 locum
1602 1421 1663 1479 obti-

341 1523 454 1592 nuisse,
477 1539 565 1597 quern
587 1523 616 1580 in
641 1523 712 1581 urbe
736 1523 876 1582 tenebant
898 1530 1053 1582 curatores
1077 1541 1202 1600 operum
1225 1523 1412 1600 publicorum
1435 1533 1467 1582 et
1488 1524 1605 1583 aedium
1624 1542 1662 1583 se-

340 1643 469 1696 orarum,
494 1625 526 1683 id
552 1633 599 1684 est
625 1630 655 1682 in
684 1624 803 1703 publico
831 1625 969 1684 dedicare
990 1626 1159 1685 volentibus
1185 1626 1285 1685 locum
1308 1625 1485 1685 attribuisse
1506 1626 1663 1704 complures

340 1727 419 1786 tituli
442 1727 604 1787 ostendunt
626 1727 749 1804 (Marini
771 1727 844 1786 Arv.
868 1748 897 1806 p.
915 1728 990 1798 357;
1018 1726 1052 1787 0.
1068 1727 1104 1788 L.
1121 1727 1261 1787 Visconti
1281 1747 1348 1787 anu.
1365 1729 1437 1788 inst.
1458 1727 1538 1788 1868
1561 1750 1588 1807 p.
1604 1729 1663 1787 378.

341 1830 426 1906 379).
472 1828 611 1889 Ceterum
644 1829 734 1889 huius
767 1830 926 1888 sacerdotii
960 1831 1090 1906 dignitas
1123 1831 1192 1889 inde
1223 1831 1421 1908 intellegitur,
1460 1832 1545 1907 quod
1576 1832 1605 1889 in
1635 1849 1663 1888 eo

340 1952 399 1992 non
426 1953 495 1992 raro
522 1943 674 1992 senatores
701 1931 804 2010 populi
829 1932 956 1991 Romani
985 1933 1178 1992 inveniuntur
1210 1933 1392 2008 (Wilmauns
1421 1953 1450 1992 n.
1477 1931 1572 2004 17203
1605 1933 1663 1992 Vis·
1714 1947 1715 1950 ’

340 2035 421 2093 conti
443 2035 463 2093 Ι.
486 2034 536 2111 a).

424 2136 521 2197 Ostiis
547 2137 639 2214 igitur
666 2146 791 2215 apparet
818 2136 986 2196 Volcanum
1019 2157 1055 2197 eo
1082 2137 1303 2215 quodammodo
1324 2139 1393 2198 loeo
1421 2139 1530 2210 luisse,
1563 2157 1619 2215 qno
1637 2138 1662 2196 in

341 2239 415 2298 urbe
437 2239 551 2316 Iupiter
578 2240 709 2318 optimus
732 2241 882 2300 maximus
911 2241 983 2312 suin
1012 2260 1080 2299 num
1107 2241 1256 2319 pontilicis
1285 2261 1352 2300 cum
1375 2241 1532 2318 proprium
1554 2241 1663 2300 sitnon

338 2352 450 2401 certum
480 2342 608 2418 aliquem
635 2341 721 2402 deum
751 2343 860 2415 colere,
887 2343 940 2402 sed
966 2344 1010 2402 rei
1032 2343 1150 2402 divinae
1172 2345 1354 2420 praesidere,
1378 2342 1535 2404 Ostiensis
1557 2361 1664 2419 quoque

338 2444 473 2520 pontifex
495 2463 597 2503 curam
620 2445 684 2523 agit
705 2446 837 2526 omnium
853 2445 976 2504 deorum
999 2445 1179 2524 aediumque
1197 2465 1300 2504 eoruru
1316 2447 1459 2517 omnium,
1483 2447 1538 2504 sed
1561 2445 1662 2521 praeci·

340 2567 396 2624 pue
418 2545 556 2605 Volcani.
601 2546 690 2607 Unde
717 2549 788 2607 item
811 2547 890 2608 inlra
910 2550 941 2608 in
963 2549 1089 2608 aedibus
1118 2549 1309 2607 recensendis
1332 2549 1471 2608 Volcano
1493 2550 1607 2625 primus
1626 2549 1663 2606 lo-

337 2668 390 2708 cus
412 2649 507 2708 datur.
524 2681 562 2692 —
580 2649 604 2708 F
608 2650 727 2709 laminis
757 2659 856 2710 autem
878 2651 1054 2711 Volcanalis
1077 2651 1265 2709 maniacum
1293 2660 1438 2728 appareat
1461 2650 1559 2711 Ostiis
1586 2651 1664 2710 susti·

337 2751 439 2812 unisse
462 2753 588 2811 aedilem
611 2752 760 2812 aedilesve
776 2761 805 2811 et
827 2761 991 2828 praetores,
1034 2753 1170 2829 quaestio
1193 2754 1299 2830 surgit,
1321 2754 1471 2829 quomodo
1494 2753 1606 2813 factum
1623 2753 1664 2822 sit,

338 2865 369 2912 ut
400 2855 604 2914 sacerdotibus
632 2855 679 2913 his
705 2855 934 2931 magistratuum
962 2855 1109 2914 vocabula
1134 2856 1315 2914 inderentur.
1358 2855 1430 2914 Nou
1451 2865 1535 2917 recte
1556 2876 1665 2933 compa·

339 2966 456 3016 raretur
483 2956 611 3016 dictator
637 2957 775 3016 Albanus
801 2966 981 3034 praetorque
1006 2956 1150 3030 Larinas,
1179 2977 1215 3015 ne
1238 2958 1378 3016 Etruriae
1404 2959 1530 3035 quidem
1556 2969 1666 3037 praetor

339 3059 519 3136 aedilisque;
547 3060 576 3117 lri
605 3061 680 3118 euim
708 3060 818 3136 reliqui
845 3071 915 3118 sunt
941 3079 979 3118 ex
1005 3061 1180 3136 republica
1208 3069 1230 3118 a
1247 3061 1393 3120 Romanis
1414 3061 1459 3119 ita
1483 3062 1613 3134 sublata,
1638 3069 1666 3117 ut

339 3163 533 3239 magistratus
559 3161 597 3221 ad
624 3180 712 3222 sacra
737 3162 944 3221 tantummodo
970 3172 1137 3233 manerent;
1164 3171 1195 3220 at
1223 3161 1410 3223 Ostiensium
1439 3163 1562 3223 colonia
1587 3163 1666 3222 mari·

339 3269 413 3323 tima
439 3264 607 3340 antiquiore
633 3273 732 3323 aetate
759 3265 954 3342 magistratus
984 3266 1122 3342 proprios
1152 3265 1253 3324 nullos
1279 3265 1392 3324 habuit.
1437 3264 1547 3325 Nihilo
1574 3267 1665 3325 minus

340 3365 468 3425 similem
497 3375 576 3426 certe
603 3367 747 3444 originem
773 3368 863 3426 etiam
893 3366 1051 3426 Ostienses
1077 3367 1108 3424 hi
1137 3367 1308 3426 sacerdotes
1335 3367 1449 3426 habent
1475 3369 1534 3427 sub
1557 3368 1666 3427 nomine

339 3469 567 3543 magistratuum
590 3470 795 3544 procedentes.
838 3469 917 3529 Nam
934 3471 1072 3529 coloniae
1093 3470 1119 3528 ei
1143 3488 1210 3528 cum
1230 3470 1360 3529 dubitari
1383 3489 1445 3528 nou
1467 3473 1567 3546 possit
1589 3488 1666 3528 saera

339 3571 462 3648 propria
488 3581 540 3629 aut
566 3571 603 3630 ab
632 3571 706 3646 ipsis
735 3573 800 3630 eius
828 3573 921 3631 initiis
944 3583 996 3631 aut
1018 3581 1096 3631 certe
1118 3571 1276 3630 admodum
1300 3581 1416 3630 mature
1439 3591 1587 3632 concessa
1607 3591 1666 3630 esse

338 3681 368 3732 et
393 3673 488 3732 multo
514 3674 632 3750 quidem
661 3683 729 3732 ante
751 3693 842 3751 quam
864 3674 903 3733 ad
924 3675 968 3733 rei
990 3665 1126 3750 publicae
1149 3673 1275 3733 formam
1303 3675 1489 3745 eveheretur,
1514 3680 1583 3734 item
1605 3693 1665 3733 cnm

339 3775 502 3835 secundum
528 3776 773 3836 consuetudinem
795 3777 962 3835 Romanam
985 3795 1072 3836 sacra
1093 3797 1112 3836 a
1133 3777 1358 3854 magistratibus
1379 3778 1573 3853 potissimum
1595 3778 1665 3836 lacu

338 3879 413 3949 siut,
440 3877 599 3937 admodum
626 3880 781 3956 probabile
809 3889 856 3938 est
882 3898 941 3938 una
968 3899 1035 3938 cum
1061 3897 1213 3938 sacrorum
1235 3878 1364 3938 Vulcani
1388 3877 1578 3940 Ostiensium
1601 3898 1663 3938 eon·

338 3980 492 4040 stitutione
508 3979 702 4041 Ostiensibus
722 3982 839 4041 colonis
862 3981 973 4041 aediles
994 3991 1209 4060 praetoresque
1230 3981 1273 4040 ita
1294 3999 1456 4041 concessos
1479 4001 1560 4054 esse,
1587 3993 1618 4039 ut
1635 3982 1663 4039 in

337 4085 430 4142 saeris
453 4083 578 4142 Volcani
606 4091 720 4143 mutum
747 4084 836 4142 modo
863 4084 962 4142 ollicio
988 4085 1195 4162 fungerentur;
1225 4084 1276 4160 qui
1303 4084 1502 4160 magistratus
1529 4085 1577 4143 vel
1603 4101 1662 4141 vere

337 4185 508 4244 sacerdotes
524 4185 630 4244 deinde
652 4195 870 4260 remanserunt,
892 4205 958 4245 cum
979 4185 1105 4245 coloniis
1125 4186 1235 4244 civium
1251 4185 1390 4245 omuibus
1406 4187 1444 4245 ad
1467 4189 1513 4246 rei
1536 4187 1663 4265 publicae

336 4288 462 4345 formam
495 4288 642 4363 promotis
670 4289 730 4346 veri
763 4289 956 4366 magistratus
984 4288 1224 4348 concederentur.
1249 4321 1287 4330 —-
1313 4289 1363 4346 Ita
1389 4289 1421 4348 id
1451 4308 1573 4366 quoque
1599 4287 1662 4348 ferri

336 4398 445 4466 potest,
479 4391 557 4464 quod
590 4397 670 4450 recte
703 4411 741 4450 ex
775 4393 863 4450 titulo
897 4391 1028 4450 Herodis
1061 4409 1153 4466 supra
1184 4390 1279 4448 relato
1312 4391 1460 4450 Matrinius
1485 4392 1568 4468 (iser.
1601 4391 1660 4449 Alb.

335 4511 365 4567 p.
382 4490 435 4566 58)
469 4492 576 4564 effecit,
609 4499 639 4550 at
671 4495 697 4551 si
730 4493 765 4551 de
798 4495 877 4554 reris
910 4493 1133 4570 magistratibus
1167 4499 1305 4569 ageretur
1336 4493 1425 4570 plane
1458 4495 1583 4554 tolerari
1610 4513 1662 4554 non

335 4603 450 4670 posset,
483 4605 637 4671 praetores
664 4595 808 4672 distingui
836 4598 963 4672 primum
993 4595 1156 4655 secuudum
1186 4577 1316 4653 tertium.
1360 4593 1441 4654 Nam
1469 4609 1506 4656 ut
1533 4618 1568 4656 es
1592 4597 1661 4655 ordi-

336 4697 418 4754 natio
441 4715 459 4754 a
481 4697 656 4772 magistratu
678 4697 829 4770 abhorret,
857 4699 900 4758 itu
920 4700 950 4756 in
973 4698 1068 4758 sacris
1092 4697 1260 4775 comparari
1281 4707 1425 4774 poterunt
1447 4700 1515 4777 ipse
1536 4699 1660 4779 pontifex

336 4799 485 4858 maximus
508 4807 538 4856 et
560 4798 620 4856 alia
642 4799 799 4874 quaedam,
828 4809 858 4860 ut
879 4803 1011 4860 sacerdos
1033 4801 1155 4860 secundo
1180 4801 1241 4858 loce
1268 4799 1424 4859 titulorum
1449 4803 1659 4862 tauroboliace

335 4921 399 4958 rum
422 4901 701 4960 Beneventanorum
730 4902 767 4978 (I.
789 4903 826 4962 R.
848 4903 886 4963 N.
912 4903 1001 4962 1399.
1027 4903 1130 4970 1401).
1146 4935 1187 4945 -—
1203 4901 1343 4978 Denique
1365 4904 1392 4962 si
1415 4910 1579 4980 quaeritur,
1605 4913 1659 4962 uter

334 5004 508 5062 honoratior
533 5004 638 5076 luerit,
666 5005 772 5063 aedilis
802 5013 971 5081 praetorve,
1005 5005 1034 5063 hi
1068 5005 1147 5064 tituli
1174 5003 1313 5062 videntur
1345 5005 1512 5066 secundum
1544 5006 1657 5065 aedilem

334 5106 479 5174 vindicias
503 5107 583 5176 dare,
606 5113 685 5164 certe
710 5107 759 5164 ubi
781 5107 807 5164 is
831 5109 1018 5183 componitur
1040 5127 1107 5165 curn
1131 5115 1267 5182 praetore
1290 5107 1392 5180 tertio;
1416 5109 1505 5168 aliter
1525 5111 1657 5170 enimcur

334 5208 364 5264 in
387 5209 480 5266 altero
503 5209 590 5267 titulo
613 5209 697 5268 solus
720 5209 825 5267 aedilis
848 5217 986 5286 ponatur,
1009 5210 1092 5267 nullo
1114 5208 1202 5267 modo
1225 5207 1371 5282 explicari
1398 5221 1510 5287 potest
