3488 5828
329 499 402 570 846
920 517 1066 569 188888(

411 695 471 753 Aa.
496 692 574 752 1848
598 701 626 751 et
650 693 728 752 1849
751 711 805 768 per
829 693 942 751 liberae
969 693 1012 750 rei
1039 691 1178 769 publicae
1205 701 1340 768 tempora
1361 691 1399 748 ad
1421 689 1520 748 totius
1542 690 1660 748 188181·

327 796 492 855 fossionem
516 795 630 854 acriore
653 795 752 853 studio
774 795 910 853 homines
939 813 998 852 888
1024 796 1123 854 minus
1149 795 1315 872 patriarum
1337 794 1554 870 antiquitatum
1575 811 1658 868 qnam

327 899 475 958 libertatis
499 897 623 974 cupidos
646 915 679 956 se
701 897 872 956 accinxisse
895 915 1020 972 eamque
1046 915 1118 955 mox
1151 913 1297 955 converso
1330 897 1373 954 rei
1406 895 1550 973 publicae
1583 905 1659 953 statu

327 1004 529 1061 intermissam
555 1000 654 1058 denuo
677 1016 749 1058 sane
772 1007 868 1076 quam'
889 1000 966 1058 lente
990 1009 1161 1076 susceptam
1188 999 1453 1074 continuatamque
1475 1015 1548 1057 esse
1571 1014 1660 1072 usque

328 1106 366 1163 ad
389 1124 416 1160 a.
442 1103 531 1161 1853.
576 1102 690 1160 scilicet
715 1103 762 1160 his
792 1102 879 1160 anuis
907 1102 1052 1160 basilicae
1075 1101 1169 1159 Iuliae
1192 1101 1319 1180 angulus
1344 1101 1397 1159 ille
1420 1099 1661 1178 septentrionalis

327 1206 418 1282 paulo
452 1206 542 1262 latius
564 1204 708 1274 detectus,
741 1223 829 1262 arcus
851 1204 965 1262 Tiberii
988 1204 1226 1262 substructiones
1259 1204 1398 1262 inventae
1424 1221 1461 1261 88
1488 1202 1593 1260 statim
1614 1201 1661 1258 dc·

329 1318 466 1379 structae,
499 1307 610 1365 vicinia
642 1326 729 1366 arcus
760 1305 864 1366 Severi
898 1308 1006 1365 iterum
1032 1307 1244 1384 pervestigata.
1299 1324 1425 1382 quarum
1464 1305 1660 1364 effossionem

327 1412 426 1487 imago
450 1411 571 1488 egregia
592 1419 676 1468 extat
708 1409 740 1467 in
773 1409 850 1468 libro
884 1410 1016 1484 alioquin
1049 1419 1168 1484 praeter
1200 1409 1400 1467 narrationem
1427 1407 1593 1483 quandam,
1625 1405 1660 1463 ad

326 1533 417 1590 quam
439 1512 512 1572 811
533 1513 752 1582 revertendum,
786 1530 911 1588 prorsus
943 1511 1041 1569 inutili
1070 1519 1099 1569 et
1126 1529 1243 1568 summa
1269 1530 1368 1569 rerum
1399 1510 1595 1586 antiquarum
1621 1508 1661 1564 in·

326 1713 426 1778 mano’
449 1718 499 1794 (R.
524 1738 551 1775 a.
577 1716 686 1792 1858);
720 1725 823 1774 extant
855 1716 1015 1774 relationes
1049 1734 1121 1792 sane
1147 1715 1243 1775 exiles
1276 1716 1307 1772 18
1329 1717 1405 1773 88118
1440 1713 1661 1788 canalibusque

325 1822 470 1881 Instituti.
515 1829 562 1878 sat
577 1821 663 1896 larga
676 1819 904 1895 inscriptionum
920 1818 1028 1877 messis
1044 1817 1170 1876 collecta
1188 1827 1235 1876 est
1250 1817 1290 1892 (a.
1311 1817 1389 1876 1849
1411 1835 1441 1875 n.
1459 1815 1511 1874 38.
1528 1813 1660 1873 48-58.

327 1926 376 1984 54.
402 1924 507 1994 131s.‚
530 1942 556 1980 a.
584 1922 661 1981 1853
685 1943 713 1979 8.
732 1921 780 1978 53.
804 1919 868 1996 66).

409 2027 458 2084 Ab
481 2042 559 2083 anno
584 2024 674 2094 1870,
697 2031 858 2099 postquam
880 2023 978 2081 Roma
1000 2023 1083 2080 Italis
1105 2022 1295 2098 libertatique
1317 2021 1434 2080 reddita
1457 2031 1515 2092 est,
1542 2021 1660 2079 tandem

326 2128 487 2204 aliquando
510 2125 590 2204 quod
612 2126 680 2184 inde
703 2125 863 2183 88888818
886 2123 963 2183 XVI
990 2126 1100 2184 totiens
1126 2125 1237 2183 frustra
1266 2132 1440 2199 temptatum
1464 2132 1523 2193 est,
1558 2134 1659 2182 8188-

325 2231 402 2288 viter
435 2230 461 2288 si
494 2248 554 2286 non
576 2227 739 2304 perlectum
768 2237 800 2285 at
821 2247 859 2286 ex
881 2237 966 2304 parte
988 2227 1101 2284 maiore
1123 2227 1312 2304 profligatum
1346 2228 1395 2298 sit,
1429 2225 1559 2284 debetur
1580 2225 1659 2284 Petri

325 2333 426 2390 Rosae
458 2330 593 2390 consiliis
625 2330 815 2406 strenuisque
848 2329 1011 2388 laboribus.
1061 2337 1166 2388 extant
1197 2330 1303 2388 harum
1336 2327 1539 2388 effossionum
1569 2330 1660 2385 Acta

325 2454 415 2492 manu
438 2435 560 2511 scripta,
584 2450 661 2508 quae
684 2432 859 2508 supradixi
883 2452 929 2489 me
951 2440 1289 2507 pertractasseextaut
1311 2431 1486 2488 Relationes
1509 2429 1659 2489 Brizionis

325 2537 404 2595 Bull.
421 2535 490 2595 dell’
513 2533 681 2594 18811878
704 2555 733 2612 p.
751 2533 810 2594 885
824 2537 867 2593 881
890 2534 948 2594 857
965 2552 1006 2592 88.
1028 2544 1057 2592 81
1073 2534 1174 2592 118888
1196 2533 1282 2605 (1888,
1305 2533 1402 2591 811888
1416 2533 1543 2610 praevia
1567 2533 1659 2590 altera

323 2639 471 2716 prolixior
497 2640 611 2696 inserta
639 2638 717 2696 libro
744 2655 831 2712 quem
858 2638 923 2712 ipse
948 2637 1042 2694 edidit
1067 2636 1211 2712 inscripto
1233 2632 1331 2696 ‘Sulla
1359 2643 1514 2708 seroperte
1537 2635 1659 2693 archeo-

323 2741 457 2818 logische
487 2741 566 2798 della
594 2740 667 2798 81118
693 2759 709 2796 8
737 2740 892 2815 provincia
918 2740 947 2796 di
973 2739 1070 2797 Roma
1099 2739 1180 2815 negli
1210 2739 1279 2796 anni
1305 2737 1480 2808 1871-78,
1510 2737 1658 2796 relacione

324 2863 401 2919 pres.
425 2863 452 2900 a.
476 2862 500 2902 s.
524 2843 558 2899 Ε.
582 2843 605 2900 11
627 2842 764 2900 ministro
787 2841 816 2899 di
839 2842 919 2918 publ.
944 2842 1010 2899 istr.
1026 2841 1106 2899 (18118
1126 2862 1150 2899 r.
1176 2839 1454 2918 Supraintendeuza
1474 2840 1557 2916 degli
1578 2839 1658 2898 scari

325 2946 404 3003 della
425 2963 510 3022 prov.
526 2945 556 3002 di
571 2939 679 3003 Roma’
705 2944 793 3002 1873.
830 2944 909 3002 hunc
930 2943 1039 3002 librum
1061 2944 1141 3001 18188
1155 2943 1386 3001 Relationem
1401 2941 1537 3000 'vocabo
1574 2962 1658 3019 prae·

324 3056 405 3105 terea
431 3056 545 3122 partem
571 3046 768 3105 effossionum
796 3046 982 3104 enucleatius
1009 3046 1255 3105 edissertavimus
1283 3051 1376 3104 188188
1400 3053 1529 3120 uterque
1551 3044 1657 3102 oculati

323 3148 504 3207 Laueianius
521 3148 615 3225 (Bull.
632 3147 701 3206 dell’
725 3148 796 3206 inst.
815 3147 890 3206 1871
910 3167 938 3224 p.
956 3148 1013 3205 841
1029 3166 1070 3207 88.
1086 3147 1145 3206 857
1159 3147 1216 3223 88.)
1239 3156 1268 3204 81
1289 3165 1346 3224 ego
1370 3146 1410 3221 (8.
1430 3143 1512 3205 1878
1529 3145 1658 3204 Hermae

324 3251 352 3321 7,
372 3249 485 3308 86188.
509 3260 538 3308 81
564 3269 591 3308 8.
617 3249 946 3309 187618188818818111
975 3249 1053 3308 1876
1083 3268 1112 3325 p.
1136 3250 1273 3325 17188).
1321 3250 1447 3307 formam
1474 3249 1657 3308 eruderatio-

324 3371 394 3410 uum
431 3352 513 3410 dedit
544 3352 655 3412 Dutert
687 3353 718 3410 iu
751 3352 828 3409 libro
859 3351 1004 3430 inscripto
1035 3349 1093 3410 ‘Le
1121 3351 1233 3410 Forum
1265 3353 1382 3410 romain
1415 3361 1446 3409 et
1473 3351 1519 3410 les
1549 3345 1656 3410 forum'

323 3454 426 3527 (Paris
445 3454 538 3530 1876)
561 3464 580 3513 1.
597 3455 654 3512 111.
671 3453 726 3524 IV,
749 3472 808 3530 quo
830 3455 867 3511 dc
889 3454 967 3512 libro
990 3454 1119 3529 exposui
1141 3454 1368 3512 dabresbsricht
1393 3453 1471 3512 1876
1495 3455 1655 3531 pillea.

323 3557 435 3614 formae
457 3576 476 3613 a
497 3555 597 3614 118888
619 3556 785 3614 delineatae
818 3577 844 3614 a.
871 3553 949 3614 1878
983 3557 1151 3632 nequedum
1186 3555 1354 3630 publicatae
1387 3565 1528 3633 ectypum
1562 3557 1655 3633 ipsius

323 3659 465 3717 beneficio
489 3658 637 3734 possideo.
682 3658 811 3734 deniqne
832 3677 909 3734 quae
942 3657 1011 3716 inde
1044 3660 1082 3716 ab
1104 3679 1130 3716 8.
1158 3657 1236 3716 1876
1270 3657 1326 3716 sub
1353 3658 1497 3734 auspiciis
1520 3658 1654 3718 Fiorellii

322 3769 388 3818 8818
413 3768 481 3818 8881
507 3761 612 3837 paucis
641 3761 781 3837 exposita
803 3760 958 3818 extantia
981 3760 1158 3818 mensilibus
1180 3759 1376 3818 relationibus
1397 3760 1556 3834 inscriptis
1582 3755 1655 3818 ‘No-

320 3863 390 3920 tizie
412 3861 490 3939 degli
514 3863 595 3920 soavi
618 3863 647 3920 di
670 3863 817 3922 8811811118
839 3863 1026 3920 comunicate
1049 3863 1110 3920 8118
1131 3883 1154 3921 8.
1172 3861 1351 3920 Accademia
1373 3862 1420 3920 (181
1436 3857 1558 3920 Lincei’
1580 3861 1654 3938 (ridi

320 3964 495 4023 Relatiouea
522 3984 590 4023 mm.
614 3966 678 4023 lan.
696 3964 769 4024 Feb.
787 3965 875 4023 Mart.
892 3965 989 4040 Apu).
1033 3965 1081 4023 his
1103 3964 1245 4023 subsidiis
1267 3964 1432 4023 instructus
1453 3964 1586 4023 breviter
1608 3984 1654 4023 ex·

322 4085 431 4142 ponam
453 4077 520 4125 acta
542 4087 587 4126 aa.
613 4067 828 4126 1870-1876.

404 4171 440 4226 Α.
469 4169 548 4228 1870
570 4179 704 4228 extremo
728 4179 758 4228 et
779 4189 797 4226 8
821 4169 897 4228 1871
923 4169 1051 4226 basilica
1073 4168 1153 4226 Iulia
1181 4176 1244 4228 tota
1266 4169 1390 4241 detecta,
1418 4169 1559 4228 inventae
1580 4177 1652 4228 teste

320 4269 478 4328 Relatione
498 4292 526 4347 p.
545 4273 582 4330 53
602 4273 694 4347 pocla
716 4273 752 4330 col
772 4269 1352 4348 1889811888ιί1888111881818161818888,
1374 4290 1452 4347 quae
1475 4285 1547 4330 sunt
1569 4273 1652 4330 huius

321 4370 453 4447 sylloges
475 4372 569 4429 887.
594 4373 726 4432 33-35.
751 4374 789 4432 39
814 4375 933 4450 (fragm.
957 4373 1102 4432 fastorum
1126 4375 1256 4449 sacerd.)
1280 4373 1329 4431 56.
1353 4373 1406 4444 57;
1429 4382 1589 4448 praeterea
1610 4384 1653 4430 ta·

321 4471 408 4530 balae
430 4473 563 4531 lusoriae
584 4475 753 4550 similiaque
776 4494 804 4533 8.
822 4476 856 4531 41
873 4507 914 4516 -—
928 4476 978 4546 46,
1003 4476 1208 4552 inscriptionis
1233 4473 1369 4534 Graecae
1393 4475 1538 4551 reliquiae
1561 4476 1653 4543 8.·17,

320 4593 446 4649 quarum
470 4594 569 4632 rerum
593 4577 632 4635 ib.
655 4597 684 4654 p.
702 4575 740 4633 58
767 4577 877 4634 mentio
903 4577 1013 4635 iniecta
1036 4586 1090 4636 est.
1135 4579 1239 4636 eodem
1262 4597 1341 4635 anno
1367 4577 1443 4636 1871
1469 4578 1574 4653 templi
1597 4575 1653 4636 Ca·

319 4685 433 4734 storum
461 4677 573 4754 gradus
599 4685 628 4736 et
655 4678 751 4737 latera
774 4679 949 4754 viarumque
975 4681 1006 4736 18
1031 4689 1158 4756 utroque
1181 4679 1272 4737 latere
1294 4679 1438 4754 reliquiae
1460 4679 1592 4738 effossae
1614 4679 1653 4753 (8.

319 4779 493 4836 relationem
515 4777 671 4837 Lancianii
704 4782 739 4838 31
766 4781 839 4840 Dec.
864 4801 890 4840 a.
917 4781 992 4839 1871
1024 4782 1158 4856 factam),
1191 4783 1349 4839 eruderate
1382 4782 1450 4840 item
1485 4783 1537 4839 via
1570 4801 1654 4842 88888

318 4899 396 4956 qnae
419 4880 528 4939 dicitur
550 4901 696 4958 arcaeque
717 4882 775 4941 sori
797 4901 868 4960 pars
891 4883 1031 4941 adiacens
1054 4903 1120 4942 cum
1141 4883 1266 4942 basibus
1290 4902 1344 4942 sex
1366 4883 1551 4960 ingentibus,
1575 4885 1655 4943 deni-

318 5001 375 5057 que
402 4983 523 5042 cloacae
551 5003 629 5060 quae
661 4987 716 5044 sub
739 4985 867 5044 basilica
888 4993 972 5042 extat
1005 5003 1076 5060 pars
1099 4986 1141 5059 (v.
1165 4985 1265 5043 Brizio
1287 5005 1316 5062 p.
1334 4983 1394 5044 885
1406 4985 1463 5060 ss.)
1498 4985 1653 5062 usquead

318 5101 451 5142 mensem
469 5087 608 5145 Martium
632 5109 659 5146 8.
679 5087 767 5158 1878,
790 5105 850 5162 quo
873 5095 1006 5162 tempore
1029 5105 1085 5163 ego
1104 5087 1232 5146 Romam
1255 5088 1410 5164 proiectus
1433 5105 1533 5164 usque
1555 5089 1653 5146 adm.

319 5185 431 5243 Maium
457 5189 661 5247 eruderationi
684 5189 816 5248 interfui.
859 5187 928 5247 dein
955 5209 1025 5248 area
1054 5197 1123 5248 ante
1146 5189 1289 5266 templum
1310 5187 1445 5248 Castoris
1468 5197 1497 5247 et
1520 5190 1605 5249 aedis
1627 5190 1655 5248 d.
