3516 5828
1556 168 1598 180 ..h-

241 181 309 249 158
811 192 992 244 normam

234 373 264 430 in
287 390 347 447 quo
369 371 501 430 rationes
517 369 695 429 decernendi
716 376 906 445 exponuntur
928 365 1104 444 praemissis
1128 365 1227 424 verbis
1246 366 1343 439 primo
1358 371 1485 422 censente
1504 362 1567 432 illo,

234 476 304 532 item
320 473 514 548 Aquileiense
530 473 588 531 vol.
606 471 633 528 V
654 492 681 530 n.
698 470 769 542 961,
791 471 838 530 cui
860 470 890 528 in
912 469 971 527 fine
994 468 1178 544 adscriptum
1201 475 1248 524 est
1265 465 1408 541 prinam)
1432 464 1567 539 ocae(uit)

233 577 295 635 ille.
339 573 457 634 Similia
479 585 578 632 tomen
600 575 674 632 baec
690 573 784 652 magis
808 581 877 630 sunt
892 591 980 648 quom
1004 570 1098 648 paria,
1122 569 1297 643 videturque
1315 567 1397 642 quod
1423 585 1480 643 pro
1502 583 1568 624 sen-

234 679 328 737 tentia
349 676 426 735 dixit
447 677 473 734 is
495 677 544 753 qui
568 676 681 753 primus
710 676 826 734 censuit
850 676 881 732 in
903 675 960 732 hoc
987 671 1124 732 consulto
1147 671 1332 730 enuntiatum
1354 686 1422 728 esse
1444 687 1499 746 per
1522 686 1569 726 ac·

234 780 400 839 cusativum
436 798 503 837 eum
539 779 687 837 infinitivo
724 777 899 853 pendentem
932 795 949 833 a
982 774 1098 834 dicendi
1131 773 1292 845 vocabulo;
1329 790 1398 829 nam
1431 781 1568 828 extrema

234 903 262 941 v.
281 883 317 940 14
330 899 392 957 seq.
418 881 462 940 sic
487 881 548 940 sero
575 893 700 958 apparet
728 881 856 938 formata
882 879 976 936 luisse
999 897 1028 936 se
1056 881 1085 934 io
1109 877 1245 935 relatione
1266 893 1321 933 sao
1338 875 1570 950 praecantasse

234 984 392 1061 Kyziccaos
419 1003 452 1043 ec
474 983 549 1042 Ario
575 993 607 1041 ut
634 1002 729 1040 eorum
752 1000 822 1057 quos
851 999 916 1038 aeos
944 979 1097 1056 appellunt
1123 997 1229 1054 eorpus
1257 979 1428 1036 auctoritate
1449 975 1570 1050 amplis·

234 1090 298 1145 simi
324 1087 434 1144 ordinis
461 1085 637 1162 confirmetur
662 1089 723 1142 iure
749 1087 894 1159 requirere
922 1082 977 1140 sibi
1002 1083 1101 1140 rideri.
1147 1083 1188 1137 At
1214 1081 1303 1156 plane
1331 1097 1440 1136 novum
1469 1087 1518 1136 est
1540 1077 1569 1136 iu

233 1187 379 1246 eiusmodi
402 1189 539 1258 decretis,
561 1187 639 1264 quod
662 1205 721 1262 quo
743 1187 810 1244 loeo
834 1196 955 1244 senatus
978 1185 1055 1242 iuter
1076 1183 1141 1242 eius
1165 1183 1223 1241 diei
1245 1199 1293 1240 res
1316 1190 1398 1240 actas
1417 1181 1496 1238 hanc
1518 1198 1568 1256 pe·

234 1291 367 1350 titionem
397 1291 564 1366 expedierit
592 1289 763 1348 enuntiatur
793 1289 922 1363 itemque
952 1287 1079 1345 adicitur
1108 1295 1246 1361 quartum
1279 1285 1376 1342 locum
1407 1283 1434 1340 ei
1465 1282 1567 1340 datum

233 1411 301 1452 esse
328 1392 508 1451 concedente
537 1394 725 1470 imperatore.
770 1391 816 1448 Ita
839 1389 957 1448 tandem
991 1389 1153 1464 aliquando
1180 1387 1346 1444 illustratur
1367 1386 1448 1462 quod
1472 1385 1570 1442 adbuc

233 1496 321 1570 plane
343 1495 502 1554 obscurum
524 1495 581 1552 fuit
603 1495 650 1550 ius
674 1493 788 1562 tertiae,
815 1501 948 1568 quartae,
976 1491 1098 1567 quintae
1119 1489 1274 1548 relationis
1297 1489 1472 1564 imperatori
1503 1505 1567 1561 per·

233 1599 367 1666 missum,
393 1597 510 1671 dequo
532 1597 596 1653 iure
615 1613 693 1670 quae
715 1595 794 1672 apud
817 1603 953 1652 auctores
976 1594 1166 1669 reperiuntur
1187 1591 1342 1668 composui
1364 1591 1395 1648 in
1417 1589 1493 1647 iuris
1515 1608 1570 1665 pu-

233 1699 303 1758 blici
327 1697 420 1755 voli
444 1698 560 1773 psat.
610 1697 649 1756 Et
675 1699 731 1755 hoo
758 1697 877 1772 quidem
909 1696 983 1755 satis
1011 1696 1052 1754 ibi
1083 1696 1156 1752 mibi
1184 1695 1287 1753 videor
1312 1691 1571 1751 demonstravisse

232 1801 280 1858 ius
308 1800 463 1857 relationis
489 1819 549 1858 nou
576 1799 758 1876 pertinuisse
785 1798 823 1856 ad
850 1799 1059 1874 imperatorem
1086 1796 1320 1874 praesidentem,
1353 1795 1406 1853 sed
1433 1811 1470 1851 eo
1498 1792 1569 1850 dato

233 1902 426 1961 constitutum
442 1919 518 1971 esse,
541 1901 614 1977 quid
628 1902 712 1960 fieret
734 1903 760 1959 si
775 1901 884 1960 absens
907 1901 972 1978 ipse
988 1901 1024 1959 de
1041 1900 1152 1976 scripto
1174 1898 1349 1957 relationem
1369 1897 1407 1956 ad
1429 1904 1570 1956 senatum

231 2005 356 2063 faceret:
379 2005 496 2063 scilicet
517 2004 547 2062 id
569 2023 635 2062 curn
658 2004 710 2062 alii
733 2003 920 2079 magistratui
944 2003 1017 2061 nulli
1039 2003 1143 2060 liceret
1164 2001 1223 2077 ipsi
1245 2001 1288 2058 ita
1310 2000 1490 2076 permissum
1511 2005 1569 2068 est,

233 2119 265 2166 ut
291 2108 330 2165 ad
356 2117 467 2166 certum
497 2125 651 2165 numerum
678 2106 823 2164 eiusmodi
850 2105 1010 2163 relationes
1038 2107 1064 2163 ei
1087 2103 1329 2163 concederentur.
1374 2100 1442 2160 Hoc
1469 2111 1571 2160 mmeu

232 2209 425 2284 ignorabatur
446 2210 515 2268 item
538 2209 685 2267 adiectum
712 2225 779 2266 csse
801 2209 836 2265 de
859 2208 897 2266 iis
919 2207 1115 2266 relationibus
1138 2208 1175 2264 ad
1198 2225 1264 2265 eum
1291 2222 1387 2282 usque
1409 2223 1567 2263 numerum

233 2321 266 2368 ut
288 2321 356 2370 aute
378 2313 510 2388 reliquas
533 2329 636 2369 omues
660 2319 783 2369 senatus
807 2309 991 2382 decerneret;
1015 2329 1076 2386 qna
1097 2309 1133 2367 de
1155 2328 1187 2367 rc
1210 2318 1280 2385 post
1301 2309 1457 2366 inventum
1481 2325 1568 2366 sena·

233 2422 281 2471 tus
303 2415 473 2472 consultum
497 2411 677 2490 Cyzicenum
701 2413 759 2471 iam
784 2413 858 2472 satis
881 2420 1009 2471 constat.

317 2513 437 2594 Septem
459 2525 551 2575 testes
573 2517 624 2592 qui
648 2515 837 2572 nominantur
860 2523 929 2573 sunt
950 2515 990 2572 lri.

319 2621 344 2676 l.
388 2619 433 2678 M.
458 2619 558 2677 Aelius
584 2622 651 2694 imp.
680 2618 735 2676 Titi
757 2618 825 2675 Aeli
850 2616 1012 2692 [Hadriani
1039 2616 1192 2692 Ao]toor'oi
1210 2618 1238 2691 s.
1262 2615 1336 2691 Pop.
1358 2615 1497 2676 Aureliae
1517 2617 1568 2678 Ve-

231 2719 319 2795 [r·ue],
342 2721 456 2779 scilicet
478 2721 598 2779 Marcus
621 2718 735 2779 Caesar
756 2732 840 2796 patre
862 2721 932 2777 viro
958 2720 1035 2777 inter
1056 2737 1083 2776 a.
1111 2716 1168 2776 138
1195 2727 1225 2776 et
1248 2718 1316 2776 161.
1360 2717 1569 2778 Patrocinium

232 2822 383 2899 quoddam
415 2821 630 2899 Cyzicenorum
665 2822 742 2898 apud
775 2841 843 2880 eum
876 2822 1055 2898 domumque
1088 2822 1152 2879 eius
1185 2821 1279 2880 fuisse
1311 2839 1370 2879 non
1404 2822 1471 2879 sine
1505 2827 1569 2883 veri

232 2925 330 3000 specie
353 2925 526 2996 conicietur,
549 2944 614 2984 curn
639 2935 792 2999 praeterea
813 2925 951 2983 laudetur
966 2923 1098 2982 eiusdem
1115 2924 1208 2981 Marci
1225 2923 1354 3001 Augusti
1377 2923 1446 2982 facti
1470 2927 1568 2984 oratio

232 3023 382 3102 Cyzicena
404 3025 533 3100 (Fronto
556 3027 593 3084 od
610 3029 722 3085 Antan.
745 3046 791 3103 ep.
818 3025 878 3096 1,t
902 3045 930 3102 p.
947 3025 986 3084 99
1009 3025 1103 3101 Nab.)
1125 3036 1155 3084 et
1177 3035 1296 3102 praeter
1317 3027 1414 3102 ipsum
1431 3027 1566 3087 Marcum

231 3129 376 3203 patruelis
396 3138 475 3186 certe
491 3129 555 3186 eius
573 3130 689 3187 Annius
704 3127 793 3200 Libo,
814 3129 942 3186 fortasse
957 3129 1046 3186 etiam
1062 3128 1180 3186 Annius
1196 3127 1296 3186 Verus
1312 3127 1479 3205 nescioqui
1495 3131 1566 3189 item

232 3229 333 3289 Marco
367 3231 513 3306 sanguina
539 3231 714 3289 coniunctus
748 3233 824 3288 iuter
857 3239 946 3289 testes
980 3238 1102 3288 senatus
1129 3230 1258 3288 consulti
1286 3239 1567 3292 recenseantur.-

232 3331 376 3390 Notanda
402 3341 448 3390 est
475 3334 583 3403 tribus,
611 3351 689 3408 quaa
718 3343 749 3391 ut
775 3333 805 3391 in
834 3333 976 3392 senatorii
1004 3333 1118 3390 ordinis
1147 3332 1218 3390 viris
1242 3333 1272 3390 in
1300 3333 1473 3392 universum
1496 3353 1565 3393 raro

231 3435 414 3505 enuntiatur,
441 3436 484 3492 ita
511 3453 657 3510 nusquam
680 3445 836 3512 praetcrea
857 3436 937 3511 quod
960 3439 1052 3494 sciam
1075 3436 1248 3510 imperatori
1270 3435 1414 3494 domusve
1436 3437 1567 3514 impera·

232 3537 326 3594 toriae
347 3537 464 3595 cuidam
486 3538 672 3608 attribuitur;
700 3538 748 3595 hic
774 3548 872 3595 autem
899 3539 996 3596 omitti
1018 3556 1077 3596 non
1100 3539 1206 3612 potuit,
1232 3555 1299 3595 cum
1321 3538 1352 3595 in
1375 3540 1567 3600 senatoribus

231 3639 282 3714 qui
309 3639 466 3697 scribendo
495 3641 637 3698 adessent
665 3640 820 3698 sollemnis
847 3649 937 3698 esset.
981 3639 1093 3698 Tribus
1119 3659 1156 3697 ea
1182 3659 1248 3698 eum
1270 3639 1391 3714 Papiria
1420 3641 1470 3713 sit,
1496 3643 1567 3703 inde

230 3741 348 3799 videtur
368 3751 447 3799 recte
470 3741 573 3818 colligi
600 3742 743 3800 familiam
766 3742 999 3819 imperatoriam,
1026 3760 1064 3799 ex
1094 3761 1153 3818 qua
1176 3741 1297 3800 Marcus
1319 3741 1385 3812 luit,
1407 3743 1565 3802 oriundam

231 3860 296 3902 esse
319 3861 356 3901 ex
378 3843 539 3918 municipio
562 3843 664 3920 aliquo
686 3845 713 3900 ei
736 3844 824 3902 tribui
848 3843 1014 3919 adscripto;
1035 3843 1124 3918 idque
1139 3863 1208 3902 vere
1230 3844 1273 3900 ita
1294 3861 1327 3902 se
1350 3844 1447 3902 habet.
1486 3845 1566 3905 Nam

231 3945 371 4020 princeps
401 3945 464 4002 eius
491 3945 622 4004 familiae
649 3944 750 4003 Nerva
776 3945 833 4003 suit
854 3945 929 4004 civis
952 3943 1132 4004 Narniensis
1158 3945 1278 4019 (Victor
1299 3947 1370 4023 epit.
1396 3945 1466 4022 tt);
1489 3947 1565 4006 Nar·

232 4045 350 4104 nienses
373 4057 472 4104 autem
495 4048 525 4105 in
547 4048 671 4125 Papiria
693 4047 771 4106 tribu
793 4047 887 4106 fnisse
909 4047 1035 4106 efficitur
1056 4066 1095 4105 ex
1117 4047 1204 4106 titulo
1226 4047 1363 4106 Henzeni
1385 4068 1414 4106 a.
1431 4047 1513 4109 5129
1536 4059 1565 4109 et

231 4147 374 4206 laterculo
390 4147 515 4207 militurn
539 4151 718 4208 urbanorum
741 4169 835 4226 nuper
856 4159 974 4224 reperto
991 4150 1049 4206 vol.
1067 4148 1112 4206 Vl
1134 4168 1162 4206 n.
1180 4149 1271 4208 3884.
1289 4182 1326 4192 -
1344 4149 1463 4209 Deinde
1485 4163 1565 4211 recte

231 4251 289 4308 huc
311 4249 471 4310 referemus
493 4269 569 4326 quae
591 4252 775 4329 biographus
798 4252 891 4310 Marci
915 4252 997 4310 c.10
1020 4263 1135 4310 narrat:
1159 4270 1268 4327 serrtper
1285 4271 1346 4310 com
1365 4256 1463 4326 potuit
1482 4258 1565 4314 iater-

224 4355 286 4427 sar't
307 4357 427 4425 stactei,
450 4357 559 4411 etiamsi
585 4355 658 4410 notit
684 4364 756 4412 esset
775 4355 959 4428 rescrcrrdaor,
983 4357 1009 4410 ai
1031 4353 1138 4411 Romae
1152 4355 1222 4428 fait,
1249 4358 1275 4410 oi
1296 4372 1362 4412 roro
1384 4356 1501 4430 aliquid
1520 4375 1563 4415 rc·

225 4457 310 4528 serre
330 4455 428 4526 voluit,
450 4459 533 4514 ctiam
556 4457 590 4514 dc
613 4456 774 4532 Corapaaia
793 4460 855 4531 ipse
873 4460 947 4514 ceor't
963 4499 969 4513 .
984 4498 1011 4514 ..
1027 4475 1115 4532 oeque
1136 4474 1270 4530 uinquam
1286 4459 1403 4514 recessit
1416 4457 1452 4514 de
1473 4462 1562 4529 cario,

230 4560 288 4616 nisi
314 4557 414 4616 consul
435 4557 570 4615 dictaret:
590 4553 673 4616 ‘ollii
699 4577 748 4616 oos
770 4576 924 4628 orororaar,
948 4568 1050 4633 potres
1077 4552 1251 4633 conscripti’,
1281 4557 1336 4616 etsi
1364 4558 1439 4617 haec
1468 4559 1562 4638 magis
1598 4559 1601 4565 '

231 4659 268 4716 de
299 4658 433 4736 principe
468 4677 556 4735 quam
589 4661 625 4718 de
652 4658 783 4719 Caesare
814 4659 926 4737 scripta
955 4678 1022 4720 esse
1052 4660 1200 4718 videntur.
1244 4659 1368 4736 Erravit
1395 4681 1442 4719 me
1467 4663 1562 4720 iudice

231 4759 386 4832 Ferratus,
409 4780 476 4818 cum
499 4761 555 4819 sibi
577 4763 728 4838 persuasit
749 4763 823 4820 haec
845 4763 936 4820 animi
959 4762 1056 4820 civilis
1079 4762 1256 4819 documenta
1276 4781 1334 4819 non
1357 4763 1496 4838 potuisse
1517 4763 1562 4822 edi

232 4862 374 4919 aMareo
398 4863 455 4921 nisi
479 4863 508 4920 in
531 4863 596 4938 ipsa
622 4863 824 4923 adolescentia
851 4873 880 4922 et
907 4873 1064 4941 propterea
1089 4863 1257 4922 consultum
1284 4864 1373 4922 refert
1403 4865 1440 4922 ad
1469 4882 1560 4924 anuos
