3458 5820
409 515 574 568 suunoea
601 515 891 568 iusoairuiouvnn
917 517 1002 568 nom
1028 517 1184 568 Romani.
1383 498 1456 568 273

125 688 543 748 15:2304.-A.1817.
585 690 799 766 Fragmentum
827 665 988 748 calendarii
1016 687 1105 748 ‘oure
1132 691 1160 748 10
1191 691 1342 750 iscrizioni
1376 699 1455 767 spes-

165 791 241 848 tanti
265 791 325 848 ulla
340 789 509 850 Concordia
530 791 562 849 fu
584 801 701 850 trovato
727 811 803 869 poco
826 793 956 852 distante
978 793 1057 852 dalle
1084 793 1245 852 medesime
1266 794 1288 850 il
1312 801 1455 870 segueute

163 894 341 951 frammento
369 894 399 951 in
427 893 520 952 lastra
551 893 581 950 di
610 913 724 952 marmo
746 912 853 971 grossa
875 896 892 954 3
916 913 991 952 onoe
1018 896 1080 954 alta
1102 897 1119 955 8
1142 896 1229 973 larga
1251 897 1268 955 5
1291 895 1321 953 di
1343 915 1383 953 un
1405 915 1451 953 ca·

164 995 300 1054 lendario
329 995 359 1053 di
388 996 485 1053 citimi
513 997 653 1054 caratteri
682 997 735 1054 alti
765 997 846 1054 eirca
874 997 932 1056 due
961 998 1033 1056 terzi
1063 998 1093 1056 di
1121 999 1208 1057 oncis
1235 1017 1252 1056 c
1281 997 1399 1056 coloriti
1421 997 1451 1054 in

164 1114 252 1155 roseo
268 1140 275 1155 .
289 1139 295 1154 .
310 1091 337 1154 .’
360 1096 423 1155 Fea
444 1097 570 1157 Veniatia
591 1119 620 1176 p.
640 1097 713 1168 1053
735 1099 855 1158 latitare
878 1099 1003 1158 videtur.

123 2163 385 2222 16=9i.-A.
411 2160 509 2220 1824?
537 2162 638 2220 'Basis
666 2179 835 2220 marmorea
866 2158 996 2238 ‘reperta
1028 2162 1058 2220 in
1092 2163 1165 2220 aede
1194 2159 1383 2221 Concordiae
1409 2205 1447 2224 ..

161 2283 239 2322 nunc
260 2265 344 2322 frons
368 2265 487 2322 deserta
508 2273 593 2322 extat
614 2264 644 2321 in
666 2283 769 2323 museo
785 2258 970 2340 Capitolino¹
993 2263 1143 2323 Henzen.‘

118 2471 146 2528 q.
170 2451 273 2509 coelius
296 2451 314 2507 l.
331 2453 358 2527 s.
380 2470 427 2525 pr.
457 2451 462 2526 Ι
491 2450 552 2507 aad.
574 2450 615 2524 pl.
640 2469 694 2508 cer.
724 2451 728 2526 Ι
752 2469 809 2525 pro
831 2468 880 2525 pr.
904 2469 937 2506 eu
958 2469 981 2508 s.
1005 2471 1029 2510 c.
1052 2469 1079 2525 q.
1110 2451 1114 2526 Ι
1144 2468 1177 2508 cs
1198 2461 1263 2508 moto
1284 2462 1411 2526 suscepto
1441 2453 1445 2529 Ι

114 2573 172 2630 pro
188 2553 377 2612 incolumitate
401 2553 405 2628 Ι
431 2555 461 2612 ti.
478 2556 604 2611 caesaris
621 2553 680 2610 divi
694 2553 796 2627 caps.
821 2551 826 2627 Ι
850 2555 967 2626 augusti
989 2553 994 2628 Ι
1013 2553 1141 2627 pontific.
1164 2557 1275 2610 mosim.
1301 2553 1305 2628 Ι
1333 2571 1446 2610 concor-

116 2655 233 2712 dicad.
257 2655 285 2713 d.
310 2655 315 2730 Ι
339 2653 432 2730 [o]uri
450 2672 481 2729 p.
503 2672 561 2711 suu

116 2970 422 3029 17:2001.-A.
449 2968 537 3028 1824.
584 2963 809 3047 ‘Fragmentum
841 2970 962 3028 tabulae
995 2988 1178 3029 marmoreae
1206 2991 1269 3048 rep.
1298 2991 1324 3030 a.
1365 2973 1444 3032 1824

157 3074 212 3131 sub
241 3071 390 3150 Capitolio
417 3091 482 3131 cum
510 3071 572 3130 dux
599 3072 708 3130 Blacas
735 3073 852 3149 legatus
881 3071 1150 3149 Franoogallorum
1177 3073 1281 3133 aedem
1314 3071 1446 3134 Concor-

156 3175 223 3233 diae
237 3174 436 3234 effodiendam
451 3169 578 3232 curaret'
602 3173 658 3249 &ta
673 3174 907 3250 Melchiorrius)‚
930 3177 1086 3234 continens
1108 3175 1204 3235 fastos
1220 3177 1339 3253 collegii
1356 3179 1443 3246 sacri,

155 3276 234 3353 quod
257 3295 325 3336 esse
347 3277 496 3335 sodalium
513 3276 732 3334 Antoninorum
754 3284 913 3353 propterea
934 3277 1073 3348 creditur,
1096 3279 1177 3354 quod
1198 3279 1229 3336 hi
1251 3283 1280 3338 im
1303 3281 1372 3338 aede
1386 3280 1446 3337 diei

156 3379 239 3455 [tum
263 3387 354 3438 otest
376 3398 403 3436 v.
420 3377 449 3450 2,
472 3379 630 3437 convenire
652 3381 869 3438 consueverint.
906 3381 998 3439 verba
1019 3397 1078 3439 non
1102 3380 1239 3457 ascripsi.

114 3693 310 3751 18:1718.
346 3687 393 3750 ‘Iu
420 3691 547 3750 eeclesia
574 3691 677 3754 Sancti
705 3688 839 3751 Martini’
872 3693 963 3768 (corr.
993 3691 1121 3752 Sanctae
1150 3691 1314 3768 Martinus)
1346 3689 1444 3752 ‘iuxta

155 3791 297 3852 Sanctum
320 3787 521 3852 Hadrianum’
546 3794 681 3870 Poggius
709 3795 810 3870 ibique
832 3795 971 3853 viderunt
992 3803 1085 3853 testes
1108 3813 1130 3853 s.
1154 3795 1232 3853 XVI
1255 3813 1358 3854 omnes
1381 3792 1441 3868 (‘in

154 3895 319 3972 hemicyclo
343 3895 426 3954 chori
450 3894 480 3956 S.
504 3891 663 3954 Martinae’
687 3893 825 3969 Smeiius‚
852 3891 894 3953 ‘in
924 3895 1027 3954 maiori
1052 3894 1166 3973 capella
1189 3895 1219 3956 S.
1236 3893 1290 3955 M!
1312 3898 1442 3956 Alberti·

153 3997 238 4073 nus):
262 3997 358 4074 periit.

110 4183 202 4242 salicis
225 4183 344 4242 dominis
359 4187 466 4241 nostris
489 4184 606 4242 honorio
621 4194 647 4242 et
668 4185 811 4242 theodosio
826 4187 1067 4243 uictoriosissims's
1089 4185 1266 4260 principibus
1291 4187 1295 4263 Ι
1320 4196 1439 4246 secrato-

108 4287 185 4342 rium
207 4286 378 4361 amplissimi
399 4295 515 4344 sanatus
530 4286 609 4362 quod
629 4289 676 4342 uir
697 4286 829 4344 incluseris
843 4288 994 4361 flaciacus
1017 4290 1180 4346 instituerat
1202 4301 1228 4348 et
1240 4291 1349 4365 satalia
1364 4292 1439 4364 ignis

108 4387 266 4462 absumpsit
282 4387 286 4464 Ι
296 4389 406 4463 fluuius
428 4391 534 4445 annius
557 4387 708 4446 auctarum
732 4391 876 4465 epifanios
898 4371 981 4447 a]
992 4393 1088 4466 praefi
1111 4372 1257 4450 Weiss
1271 4409 1357 4450 suoru
1378 4376 1439 4450 isc—aii

108 4493 258 4564 reparastis
279 4499 304 4548 st
326 4491 367 4546 od
383 4493 537 4565 pristinam
551 4492 661 4565 sociem
683 4491 795 4549 reducit

149 4674 309 4752 Episenius
331 4675 423 4751 praef.
447 4675 530 4735 urbis
553 4695 580 4733 a.
599 4674 671 4748 412,
694 4675 730 4734 de
753 4675 901 4733 Flaviano
924 4675 999 4735 nihil
1021 4684 1147 4737 constat.

108 4991 302 5051 19:2004.
338 4987 388 5050 ‘In
420 4990 520 5066 lapide
551 4993 646 5050 fracto
675 4992 707 5050 in
729 4993 856 5054 ecclesia
878 4991 1006 5054 Sanctae
1028 4994 1175 5052 Martinus
1198 5013 1291 5072 prope
1314 4993 1437 5072 Capito·

148 5088 231 5150 lium‘
252 5094 397 5170 Poggius.
442 5103 488 5152 est
508 5095 706 5171 fragmentum
729 5097 874 5156 fastorum
896 5097 1014 5173 collegii
1038 5097 1224 5155 sacerdotum
1251 5093 1294 5155 ‘in
1315 5096 1436 5156 Palatio

145 5194 177 5252 in
192 5195 266 5254 aede
282 5197 364 5256 lovis
377 5193 629 5274 Propuguatoris’
645 5199 873 5259 consistentium
888 5199 1040 5276 pertinens
1057 5199 1095 5257 ad
1110 5217 1154 5257 aa.
1170 5217 1199 5276 p.
1214 5197 1247 5258 0.
1264 5197 1436 5260 180-200.
