3516 5828
392 475 463 543 110
822 490 1127 540 nnurrnnrnrrn
1156 491 1237 540 uon.
1260 491 1288 540 ιι

387 669 445 724 dex
469 667 504 738 is,
526 667 577 740 qui
598 667 759 724 iudicatum
782 665 917 722 adseruit
939 667 968 722 in
990 665 1169 736 libertatem,
1196 665 1222 724 si
1249 677 1464 724 sacramentum
1487 669 1552 726 eius
1573 668 1711 725 iniustuu

387 769 550 827 iudicatum
572 779 630 837 est;
654 767 848 842 videnturque
865 768 957 824 rerba
977 767 1054 844 legis
1069 767 1225 845 Hispanae
1247 771 1298 842 qui
1319 772 1348 825 in
1371 789 1402 827 ec
1423 773 1480 828 aim
1494 772 1572 844 fucit
1594 789 1711 846 respon·

386 871 455 928 dere
478 871 699 946 quodammodo
722 870 831 941 verbis,
853 889 929 946 quae
951 869 1061 927 tradita
1083 871 1227 928 habemus
1250 889 1289 928 ex
1311 871 1378 950 lege
1392 873 1454 930 XII
1476 873 1646 932 tabularum
1670 893 1711 949 qu

386 975 456 1032 endo
480 993 510 1032 eo
532 977 589 1031 cim
610 975 689 1044 dicit,
722 981 754 1030 ut
786 972 834 1029 hic
867 973 907 1029 sit
938 971 1046 1029 vindex
1080 973 1317 1048 qualiscumque,
1349 974 1400 1033 ille
1433 974 1543 1033 vindex
1575 976 1711 1034 iniustus

385 1075 465 1133 Nam
492 1095 529 1132 ue
556 1077 660 1134 credas
683 1075 733 1151 qui
755 1075 815 1132 vim
837 1073 907 1132 facit
929 1095 945 1130 e
967 1075 1116 1132 contrario
1138 1094 1206 1132 eum
1228 1093 1296 1134 esse
1321 1077 1372 1151 qui
1394 1087 1499 1136 contra
1524 1079 1572 1138 ius
1595 1099 1711 1138 manum

384 1179 518 1238 iniecerit
545 1197 692 1254 quemque
718 1178 761 1236 ita
789 1177 899 1234 vindex
926 1189 1006 1234 recte
1031 1176 1189 1254 repulerit,
1219 1179 1319 1236 obstat
1346 1180 1472 1254 primum
1498 1182 1578 1255 quod
1605 1183 1711 1240 vindici

385 1283 448 1340 eive
470 1301 558 1358 quem
574 1280 734 1339 vindicavit
756 1280 925 1337 adsertione
947 1281 1027 1337 iusta
1049 1279 1180 1337 iudicata
1202 1281 1285 1357 dupli
1300 1282 1446 1339 actionem
1462 1284 1493 1340 in
1509 1283 1711 1342 aduersarium

384 1384 484 1442 datam
505 1401 572 1442 esse
595 1403 649 1441 nec
671 1383 813 1440 traditum
834 1393 878 1440 est
897 1401 951 1440 nec
967 1382 1029 1440 reri
1052 1381 1158 1452 simile,
1180 1393 1298 1441 constat
1320 1394 1418 1441 autem
1438 1384 1475 1443 de
1494 1385 1578 1460 dupli
1598 1388 1711 1445 actione

384 1486 414 1543 in
437 1486 583 1544 vindicem
609 1485 731 1556 fulsum,
758 1483 836 1543 unde
862 1493 967 1559 postea
993 1493 1081 1542 enata
1107 1494 1153 1542 est
1175 1485 1253 1542 actio
1279 1487 1309 1543 in
1332 1487 1455 1561 duplum
1478 1487 1609 1546 indicati.
1655 1489 1711 1548 01}

384 1595 445 1646 stat
472 1588 579 1646 deinde
607 1589 686 1664 quod
713 1597 835 1663 propter
860 1604 966 1643 manus
993 1586 1183 1645 iniectionem
1210 1587 1319 1646 iustam
1347 1588 1455 1647 Iniuste
1486 1589 1602 1649 elusam
1636 1603 1711 1650 recte

384 1690 499 1749 colonis
526 1691 603 1749 actio
632 1691 729 1760 datur,
756 1707 822 1747 cum
849 1709 904 1765 per
930 1707 996 1746 eam
1022 1708 1105 1747 reum
1128 1689 1355 1748 condemnatum
1377 1691 1434 1750 sibi
1456 1693 1656 1767 perdiderint3
1686 1707 1711 1752 at

384 1811 489 1852 manue
518 1793 636 1852 iniectio
665 1811 724 1850 non
751 1793 831 1850 iusta
857 1799 971 1848 tantum
999 1791 1083 1848 abest
1116 1804 1148 1850 ut
1174 1791 1288 1850 colonis
1316 1793 1456 1852 damnum
1485 1794 1610 1866 inierat,
1638 1805 1673 1853 ut
1699 1818 1711 1854 e

382 1896 534 1952 contrario
566 1915 602 1952 eo
635 1913 707 1953 casu
739 1894 796 1971 ipsi
829 1893 1050 1969 quodammodo
1078 1893 1236 1953 rideantur
1264 1895 1290 1952 ei
1318 1896 1364 1954 cui
1395 1915 1500 1954 manus
1530 1897 1641 1956 iniecta
1669 1907 1711 1957 est

382 1997 522 2056 damnum
545 1998 662 2056 iecisse.
704 1997 809 2072 Itaque
831 2009 910 2054 recte
932 1996 989 2054 huc
1011 1995 1171 2054 referemus
1194 1997 1293 2054 locum
1315 1998 1482 2056 tabularum
1505 1999 1630 2059 aFesto
1654 2019 1711 2061 scr·

384 2108 484 2157 vatum
507 2120 535 2176 p.
553 2099 612 2158 376
640 2099 765 2174 (XII,4
788 2097 934 2174 Schoe11):
958 2103 983 2156 ai
1005 2100 1158 2156 vindiciam
1173 2100 1286 2173 salsam
1309 2100 1381 2170 tulit,
1404 2105 1431 2159 ai
1452 2101 1527 2174 uelit,
1551 2105 1576 2161 ia
1599 2103 1711 2180 [prae]-

383 2213 426 2260 tor
451 2203 575 2260 arbitror
602 2205 655 2260 tria
684 2203 767 2260 dala:
797 2220 892 2259 aarum
917 2200 1036 2259 arbitrio
1060 2199 1116 2274 [rci
1137 2201 1174 2276 et]
1189 2203 1306 2276 fructus
1328 2204 1462 2278 duplione
1484 2205 1619 2262 damnum
1639 2205 1711 2264 daci·

383 2305 456 2374 clito,
488 2304 547 2362 nisi
582 2303 662 2379 qnod
693 2303 739 2361 his
775 2304 874 2362 verbis
901 2310 1056 2379 praeterea
1081 2303 1178 2360 forma
1204 2304 1306 2363 iudicii
1332 2305 1552 2364 determinatur.
1603 2307 1652 2364 Ab
1679 2327 1711 2366 eu

382 2407 479 2464 forma
503 2405 553 2464 lex
576 2406 732 2478 recentior,
759 2415 791 2463 ut
818 2408 907 2464 modo
929 2407 1071 2476 diximus,
1097 2407 1140 2464 ita
1161 2407 1282 2476 recedit,
1316 2416 1347 2464 ut
1372 2415 1490 2483 praeter
1515 2408 1639 2485 duplam
1662 2431 1711 2468 an·

382 2508 527 2584 tiquaml)
560 2509 671 2568 iniusto
700 2508 844 2567 adsertori
878 2510 907 2566 in
940 2525 1033 2566 causa
1064 2508 1201 2568 coloniae
1226 2528 1353 2586 poenam
1380 2509 1517 2586 iniungat
1544 2513 1711 2572 sestertium

381 2611 496 2668 milium
519 2610 591 2668 XX.

464 2979 539 3056 Agri
561 2980 670 3058 privati
693 2979 895 3038 condicionem
919 2978 969 3036 Iex
993 2979 1141 3056 capitibus
1160 2979 1291 3056 quinque
1313 2975 1481 3039 a'Lxxlll
1502 2983 1540 3040 ad
1555 2981 1711 3043 LXXVII

381 3091 411 3140 et
432 3083 581 3140 continuis
608 3083 686 3140 inter
712 3100 744 3141 se
772 3089 802 3140 et
828 3101 859 3139 re
886 3082 1051 3140 coniunctis
1079 3081 1121 3140 ita
1147 3081 1333 3154 determInat‚
1361 3093 1393 3140 ut
1414 3084 1486 3160 quid
1506 3085 1536 3141 in
1559 3103 1633 3161 agro
1657 3104 1711 3146 suo

381 3183 501 3242 domino
523 3183 619 3243 facere
641 3203 701 3241 non
722 3185 812 3242 liceat
834 3193 972 3242 accurate
994 3192 1024 3241 ct
1045 3184 1133 3259 plene
1155 3194 1269 3241 caveat.

228 3297 379 3360 Sepulcrum
466 3286 491 3345 l.
536 3283 623 3358 Quod
653 3297 699 3344 est
727 3287 756 3344 in
784 3287 850 3363 lege
872 3285 935 3342 XII
958 3285 1125 3344 tabularum
1153 3287 1288 3344 hortunam
1311 3298 1448 3346 mortuum
1469 3293 1499 3346 in
1521 3289 1590 3347 arbe
1612 3311 1647 3350 ne
1670 3311 1711 3350 se·

232 3379 257 3427 in
275 3379 469 3464 orrid⁰petuo
491 3407 557 3446 neae
579 3391 663 3460 anto,
690 3399 722 3446 ut
744 3388 814 3446 alibi
841 3389 955 3465 passim
983 3387 1068 3460 redit,
1096 3389 1138 3446 ita
1162 3390 1252 3447 huius
1278 3408 1396 3465 quoque
1424 3389 1499 3466 legis
1522 3411 1547 3448 c.
1570 3390 1711 3452 LXXIII

258 3463 351 3512 ”em
383 3491 559 3548 continetur.
604 3487 732 3548 Cautum
754 3491 784 3548 id
800 3508 866 3548 esse
890 3510 948 3548 non
970 3499 1030 3548 tarn
1052 3501 1175 3567 propter
1196 3491 1274 3566 ignis
1295 3492 1470 3568 periculum,
1495 3503 1526 3550 ut
1548 3493 1589 3553 ait
1606 3493 1711 3555 Cicero

380 3592 416 3652 de
437 3592 496 3671 leg.
520 3591 548 3664 2,
565 3590 614 3662 23,
630 3592 680 3663 58,
703 3612 806 3669 quani,
837 3603 869 3650 ut
890 3594 1002 3652 hubent
1023 3594 1098 3652 iuris
1120 3603 1273 3664 auctores,
1302 3613 1336 3650 ne
1354 3597 1537 3671 funestentur
1561 3615 1649 3655 sacra
1673 3603 1711 3658 ci·

379 3697 476 3753 citatis
499 3693 629 3768 (Paulus
653 3713 677 3752 s.
701 3715 723 3752 r.
750 3698 776 3767 1,
794 3694 842 3768 21,
860 3694 903 3771 2),
930 3716 964 3754 na
986 3705 1115 3754 sanctum
1136 3699 1352 3772 municipiorum
1374 3701 1419 3754 inc
1437 3699 1590 3773 polluatur
1618 3697 1711 3775 (cod.

379 3798 453 3854 lust.
479 3798 572 3869 alt,
592 3795 654 3872 12),
677 3816 712 3854 eo
735 3798 956 3874 comprobatur,
984 3797 1063 3874 quod
1090 3797 1120 3855 id
1148 3799 1194 3856 ius
1217 3798 1332 3856 obtinet
1357 3799 1446 3857 etiam
1468 3801 1523 3857 hee
1544 3800 1612 3878 lege
1634 3813 1711 3862 teste

379 3918 438 3957 nou
467 3900 546 3957 intra
575 3899 758 3957 continentia
787 3899 932 3971 aedificia,
965 3901 1018 3958 sed
1041 3901 1119 3957 intra
1145 3899 1309 3976 pomerium
1336 3901 1533 3959 solummodo.
1560 3935 1598 3944 -
1634 3902 1711 3965 Cum

379 4003 532 4060 sanctione
559 4001 645 4078 Iegis,
672 4001 786 4059 scilicet
815 4009 846 4059 ut
875 4002 1069 4078 magistratus
1097 4001 1231 4060 coloniae
1256 4002 1375 4078 publice
1403 4003 1604 4063 demoliantur
1630 4009 1711 4082 quod

380 4112 484 4162 contra
500 4103 577 4161 hanc
599 4104 694 4180 legem
717 4103 826 4162 facturn
843 4104 908 4174 erit,
931 4104 1000 4161 item
1017 4103 1067 4180 qui
1083 4113 1186 4162 contra
1208 4104 1311 4162 iecerit
1326 4124 1452 4181 poenam
1469 4100 1527 4162 HS
1550 4106 1578 4164 V
1594 4108 1711 4168 milium

380 4206 537 4278 sustineat,
560 4207 697 4282 componi
724 4213 823 4281 potest
849 4206 929 4281 quod
956 4205 1109 4282 rescripsit
1129 4205 1303 4264 Hadrianus
1331 4206 1416 4282 (Dig.
1440 4208 1490 4279 47,
1509 4206 1556 4279 12,
1573 4209 1602 4281 3,
1619 4209 1664 4285 5),
1688 4214 1711 4270 si

379 4307 448 4384 quis
471 4307 502 4364 in
525 4308 642 4365 civitate
666 4307 838 4384 sepulcrum
860 4308 974 4379 fecerit,
997 4307 1094 4364 locum
1118 4308 1330 4384 publicandum
1354 4326 1420 4366 esse
1442 4329 1629 4386 poenamque
1651 4313 1712 4371 XL

379 4426 536 4466 aureorum
559 4411 633 4468 fisco
655 4409 850 4468 inserendam.
895 4407 1072 4486 Sepulcrum
1088 4419 1209 4486 propter
1231 4411 1325 4487 Iegem
1342 4411 1485 4469 violatum
1502 4411 1596 4470 nihilo
1612 4415 1711 4474 minue

380 4510 560 4585 expiandum
590 4512 684 4570 fuisse
710 4521 942 4571 cousentaneum
970 4521 1029 4582 est;
1057 4530 1153 4588 neque
1175 4512 1264 4570 aliam
1288 4513 1326 4570 ob
1348 4531 1469 4571 caueam
1493 4513 1606 4573 Paulus
1628 4529 1711 4591 post-

379 4631 468 4689 quam
491 4614 527 4672 de
549 4613 605 4670 hac
627 4614 693 4690 Iege
716 4615 857 4690 exposuit
878 4614 922 4672 sic
944 4614 1042 4690 pergit
1064 4614 1103 4690 (s.
1126 4635 1150 4673 r.
1177 4617 1203 4685 1,
1219 4613 1269 4685 21,
1285 4614 1332 4689 4):
1359 4619 1410 4690 qai
1432 4633 1535 4691 corpus
1553 4628 1711 4692 perpetuae

378 4717 542 4790 aeqrulturae
565 4717 699 4775 traditum
801 4717 951 4774 nudaturit
974 4727 998 4774 et
1019 4718 1089 4774 solis
1111 4718 1204 4775 radiis
1219 4718 1373 4775 ostenderit
1390 4717 1538 4792 piaculum
1556 4723 1710 4778 committit.

456 4904 479 4966 ¹)
501 4904 577 4966 Quod
603 4906 701 4955 amicus
725 4905 829 4970 quidam
855 4905 920 4955 mihi
945 4906 1099 4971 significarit
1118 4907 1174 4956 fieri
1193 4921 1269 4970 posse
1289 4913 1316 4955 ut
1335 4913 1410 4971 caput
1435 4906 1484 4956 hoc
1503 4907 1657 4971 pertinuerit
1675 4908 1709 4957 ed

377 4997 518 5047 IudIcatum
542 4997 648 5060 aliquod
672 5011 771 5061 poenae
798 5013 874 5048 causa
898 4999 992 5048 Iactum
1017 4999 1161 5048 sestertium
1186 4999 1241 5048 XX
1260 4999 1359 5048 milium
1385 4999 1471 5063 itaque
1495 4999 1528 5047 de
1549 5014 1599 5048 una
1625 5014 1709 5064 poena

378 5089 541 5138 solummodo
561 5089 612 5152 agi,
634 5088 696 5137 mihi
717 5105 767 5138 nou
788 5090 923 5154 probatur:
949 5091 1076 5155 duplicem
1102 5092 1170 5140 enim
1197 5091 1438 5140 condemnationem
1463 5093 1570 5156 requirit
1591 5092 1707 5156 quadiu

378 5181 433 5245 Iege
453 5181 491 5230 bIs
509 5180 632 5245 repetitur
650 5178 755 5230 damnas
774 5188 833 5232 esto.
