3488 5828
411 597 713 651 onsnnvsmouus
739 599 1025 652 neranaemosn.
1308 583 1380 654 233

52 775 130 831 masi
153 774 234 850 regis
256 793 274 832 a
297 772 377 833 Gaio
399 775 578 852 imperatore
599 782 770 851 perpetrata
798 783 827 833 et
853 774 891 832 ab
917 775 974 833 hoc
1000 775 1219 852 quodammodo
1246 776 1385 835 incohata

52 884 134 934 recte
160 876 198 935 ad
226 875 383 936 Claudiani
412 876 528 954 imperii
554 877 670 936 initium
699 877 857 949 referetur3
890 877 1027 954 Aequum
1060 885 1159 937 autem
1188 880 1308 956 quando
1336 899 1384 938 co·

51 978 137 1036 lonia
169 978 298 1038 deducta
330 982 379 1052 sit,
411 980 572 1056 ignoratur.
627 979 686 1041 Sed
722 1000 794 1039 mox
828 980 994 1058 imperante
1027 979 1155 1041 Claudio
1187 988 1307 1060 recepta
1339 993 1386 1041 est

52 1080 197 1156 gliscente
222 1082 252 1139 in
279 1083 344 1141 dies
367 1083 553 1153 adulatione;
580 1103 675 1159 neque
701 1083 831 1159 amplius
859 1091 919 1141 tum
943 1084 1103 1143 obstabant
1128 1103 1206 1161 qnae
1228 1085 1386 1144 obstitisse

52 1183 184 1242 vidimus
200 1185 365 1260 imperante
380 1187 527 1260 Augusto,
542 1186 671 1244 comitiis
684 1185 801 1244 interim
818 1187 963 1264 apopulo
979 1186 1016 1244 ad
1032 1192 1167 1245 senatum
1182 1188 1338 1246 traductis.

139 1285 246 1344 Flavia
273 1287 380 1347 domus
408 1288 497 1346 ducta
523 1307 542 1346 a
568 1289 716 1364 municipe
743 1287 872 1347 Reatino
906 1287 1041 1364 (Sueten.
1069 1289 1161 1367 Vesp.
1192 1289 1223 1365 1)
1250 1289 1282 1347 in
1307 1290 1386 1349 tribu

54 1386 251 1446 Reatinorum
278 1389 368 1448 luerit
393 1409 515 1450 neeesse
537 1401 592 1464 est,
620 1410 695 1466 qnae
717 1389 773 1449 fnit
796 1389 931 1464 Quirina.
974 1391 1049 1450 Eius
1071 1391 1162 1469 igitur
1183 1392 1278 1450 tribus
1300 1411 1386 1451 usur·

54 1490 208 1566 petionem
240 1511 295 1569 per
330 1494 501 1568 provincias
533 1493 680 1553 latissime
709 1501 857 1569 patentem
885 1494 923 1552 ad
950 1493 1173 1570 Vespasianum
1195 1495 1385 1572 potissimum

54 1592 256 1652 revocandam
279 1612 346 1654 esse
367 1595 523 1672 probabile
545 1577 600 1668 est,
623 1615 748 1671 eamque
769 1596 969 1654 coniecturam
986 1604 1177 1655 monumenta
1197 1597 1387 1674 aliquatenus

54 1705 136 1753 certe
158 1697 344 1755 confirmant.

143 1799 234 1874 Apud
256 1798 410 1877 Hispanos
442 1821 508 1860 cum
538 1802 633 1860 tribus
663 1799 791 1874 Quirina
817 1801 932 1878 passim
960 1801 1139 1873 inveniatur,
1172 1801 1307 1860 coloniae
1334 1822 1387 1861 eae

57 1907 87 1956 et
113 1901 277 1976 municipia
302 1921 347 1976 ea,
381 1921 457 1978 quae
483 1913 552 1962 ante
581 1904 802 1979 Vespasianum
834 1903 872 1962 ad
903 1904 1054 1962 civitatem
1086 1911 1294 1980 pervenerunt,
1328 1923 1387 1962 non

56 2020 94 2058 ea
122 2011 253 2073 utuntur,
288 2005 340 2063 sed
367 2005 519 2082 adscripta
546 2015 616 2064 sunt
645 2006 788 2083 pleraque
816 2004 966 2077 Galerius,
1003 2017 1036 2063 ut
1062 2005 1201 2078 Barcino,
1235 2005 1387 2083 Carthago

55 2121 151 2176 nova,
185 2103 323 2178 Castulo,
357 2105 481 2181 Clunia,
515 2106 670 2180 Corduba,
703 2105 821 2181 Gades,
853 2108 1000 2184 Hispalis,
1033 2107 1223 2188 Nertobriga,
1257 2109 1387 2186 Olisipo,

57 2207 234 2284 Saguntum,
257 2209 401 2281 Tarraco,
423 2209 503 2270 Urso
526 2210 577 2286 (cl.
601 2211 690 2268 huius
713 2210 780 2287 eph.
803 2210 860 2268 vol.
876 2211 907 2268 II
929 2231 958 2288 p.
976 2208 1035 2269 936
1059 2230 1087 2268 ιι.
1105 2211 1191 2287 308),
1217 2211 1278 2269 alia
1298 2210 1388 2288 Papi·

55 2312 131 2384 riae,
165 2319 311 2388 utsupra
342 2312 520 2381 rettulimus,
554 2313 614 2372 alia
646 2314 774 2389 denique
803 2311 935 2388 Sergiae.
979 2310 1094 2372 Contra
1121 2313 1249 2388 Quirina
1277 2313 1391 2373 obtinet

56 2415 89 2474 in
113 2413 233 2491 oppidis
255 2415 304 2487 iis,
327 2433 403 2492 quae
425 2436 478 2493 per
493 2415 714 2493 Vespasianum
736 2421 855 2474 constat
876 2415 913 2473 ad
936 2415 1128 2474 Latinitatem
1150 2416 1335 2492 pervenisse,
1359 2425 1391 2476 nt

57 2525 131 2576 sunt
152 2517 271 2576 Malaca
297 2517 371 2592 (vol.
387 2518 418 2576 II
440 2537 468 2576 n.
488 2517 576 2576 1970.
603 2519 691 2580 1973.
718 2515 810 2593 1975)
835 2525 868 2575 ‘et
890 2515 1039 2592 Salpensa
1061 2515 1115 2591 (ll,
1134 2517 1236 2594 1886),
1263 2537 1390 2594 quarum

58 2627 165 2679 extant
185 2620 267 2696 leges
291 2619 425 2693 Flaviae,
448 2621 518 2679 item
542 2620 635 2691 llnro,
663 2621 747 2680 cuins
768 2619 842 2680 civis
864 2620 1008 2677 habemns
1031 2619 1147 2678 titulum
1171 2624 1311 2679 ciuitatem
1331 2621 1389 2679 Rc-

58 2741 174 2781 masam
198 2741 254 2798 per
282 2723 412 2781 bonorem
441 2724 607 2782 duoviratus
639 2727 781 2782 consecuti
816 2721 1018 2798 adscriptique
1050 2722 1094 2780 ita
1126 2723 1216 2780 tribui
1245 2720 1390 2795 Quirinae

59 2825 245 2902 (11‚1945).
300 2825 444 2883 Eiusdem
477 2827 572 2885 tribus
606 2843 674 2884 esse
709 2826 900 2884 inveniuntur
936 2825 1100 2902 municipia
1131 2824 1239 2883 Flavia
1270 2825 1390 2884 Ebusus

60 2927 119 3003 (II,
137 2927 227 2987 3659.
263 2927 354 2987 3661.
388 2928 501 3004 3662),
531 2928 621 3005 Mago
654 2926 818 3002 (11,3033.
854 2925 944 2985 3709.
980 2927 1070 2985 3710.
1105 2925 1215 3002 3711),
1249 2925 1391 2986 Nessana

60 3028 240 3106 (11,2011),
271 3028 400 3106 Singilia
429 3031 476 3106 (lI
501 3051 530 3106 p.
549 3028 637 3105 272);
667 3031 738 3088 item
766 3027 985 3105 ¹Flaviaugusta
1015 3027 1071 3104 (11,
1092 3026 1189 3103 4196)
1222 3037 1252 3086 et
1282 3030 1391 3105 Aquae

59 3131 188 3190 Flaviae
210 3131 392 3208 (11,4204);
420 3131 548 3208 denique
576 3153 630 3209 per
656 3133 825 3190 uniuersam
846 3129 1027 3208 Hispaniam
1051 3130 1161 3208 oppida
1187 3130 1248 3189 lere
1275 3131 1392 3208 ignobi·

58 3234 140 3294 liora
162 3244 192 3293 et
212 3253 257 3306 ea,
285 3234 421 3310 adquae
448 3235 604 3310 probabile
627 3235 666 3293 sit
687 3233 867 3312 pertinuisse
890 3233 1131 3292 constitutionem
1154 3233 1334 3309 Vespasiani
1356 3233 1392 3291 de

59 3338 127 3396 iure
142 3334 221 3394 Latii
238 3336 395 3395 tribuendo
406 3337 553 3414 Hispanis
569 3338 708 3395 omnibus
723 3337 821 3395 adhuc
837 3336 1013 3412 peregrinis.
1036 3334 1120 3394 Haec
1135 3336 1187 3411 qui
1201 3336 1393 3408 intellexerit,

59 3441 133 3498 item
161 3438 314 3515 intelleget
334 3438 556 3516 Vespasianum
578 3439 725 3516 Hispanis
754 3441 800 3498 ius
822 3438 902 3497 Latii
931 3458 966 3497 eo
994 3437 1082 3497 modo
1111 3437 1241 3512 dedisse,
1271 3449 1302 3496 nt
1329 3439 1394 3515 qni·

60 3559 189 3617 eumque
212 3542 375 3600 secundum
398 3541 427 3600 id
443 3561 497 3618 per
518 3543 661 3600 honorem
677 3541 714 3600 ad
730 3541 880 3600 civitatem
896 3541 1062 3600 Romanam
1086 3542 1284 3617 pervenirent,
1306 3541 1395 3598 tribui

62 3641 211 3717 Quirinae
225 3643 474 3703 adscriberentur.
519 3641 616 3717 Quam
639 3643 677 3702 ob
699 3663 761 3702 rem
784 3645 962 3719 ubicumque
978 3663 1013 3702 ea
1033 3643 1129 3702 tribus
1142 3643 1301 3712 invenitur,
1324 3642 1395 3701 inde

61 3745 101 3805 de
123 3745 297 3805 condicione
320 3746 422 3824 oppidi
444 3753 523 3805 reete
545 3748 717 3805 coniectura
739 3746 805 3821 capi
826 3755 935 3822 potest.

148 3847 185 3904 In
208 3846 346 3908 Sardinia
368 3847 599 3924 (Grotefendius
623 3849 643 3907 l.
658 3867 682 3906 c.
706 3869 735 3925 p.
752 3847 801 3907 92.
818 3846 872 3921 93)
895 3854 924 3904 et
945 3849 975 3906 in
998 3847 1106 3906 insulis
1123 3845 1228 3906 Melita
1247 3856 1276 3904 et
1295 3844 1394 3906 Gaulo

64 3950 99 4026 (l.
116 3969 141 4009 c.
163 3968 192 4025 p.
210 3949 263 4026 92)
292 3951 388 4010 tribus
412 3949 540 4025 Quirina
568 3951 637 4010 item
665 3950 807 4028 primaria
833 3958 892 4022 est3
920 3967 998 4026 quae
1023 3951 1072 4008 hic
1094 3966 1213 4024 quoqne
1235 3948 1394 4008 videndum

63 4062 112 4112 est
133 4071 205 4110 num
227 4053 434 4129 proficiscatur
456 4073 474 4112 a
496 4053 698 4131 Vespasiano,
721 4053 832 4130 pariter
855 4060 945 4128 atque
966 4070 1030 4109 eam
1054 4049 1092 4109 ad
1114 4069 1181 4108 eum
1204 4049 1300 4109 redire
1320 4051 1395 4112 vidi-

63 4171 134 4212 mus
156 4153 187 4212 in
209 4153 390 4214 Baliaribus.
672 4230 674 4234 .

150 4257 201 4313 Ad
228 4254 358 4316 Galliam
385 4259 465 4333 quod
492 4259 607 4330 attinet,
636 4258 722 4316 unica
748 4257 829 4334 quod
856 4257 949 4314 sciam
976 4255 1081 4314 civitas
1110 4253 1216 4313 Flavia
1243 4257 1285 4314 ibi
1308 4256 1397 4329 dicta,

66 4377 176 4434 nempe
202 4358 321 4417 colonia
341 4360 400 4418 Pia
422 4360 530 4419 Flavia
552 4361 705 4420 Constans
728 4359 861 4418 Emerita
882 4358 1089 4417 Helvetiorum
1112 4359 1300 4432 Aventicum,
1327 4359 1398 4419 item

65 4465 213 4539 Quirinae
235 4463 388 4541 adscripta
411 4471 457 4522 est
479 4461 661 4537 (Grotefend
682 4463 702 4522 l.
719 4481 743 4522 e.
767 4482 795 4538 p.
815 4461 897 4537 124).
942 4459 1060 4518 Tenuia
1086 4478 1162 4535 quaa
1190 4471 1345 4537 praeterea
1367 4463 1397 4520 in

66 4567 173 4630 Gallia
199 4567 391 4626 inveniuntur
418 4565 549 4624 eiusdem
576 4566 672 4624 tribus
699 4564 841 4639 indicia1>
868 4583 939 4622 num
967 4563 1006 4620 ad
1033 4561 1159 4622 eundem
1188 4563 1397 4640 imperatorem

65 4671 246 4750 pertineant,
269 4667 440 4727 examinent
460 4667 482 4724 ii
504 4667 555 4742 qui
577 4685 630 4726 eos
652 4667 755 4726 titulos
778 4664 938 4742 aliquando
960 4666 1166 4724 recensebunt.

154 4771 238 4830 Idem
260 4770 373 4829 obtinet
394 4769 425 4827 in
446 4769 610 4846 provinciis
632 4769 837 4828 Danuvianis:
865 4776 945 4827 certe
971 4767 1002 4826 in
1025 4765 1153 4840 Quirina
1177 4767 1297 4826 luerunt
1318 4767 1398 4826 colo·

64 4877 137 4936 niae
152 4873 278 4932 Flaviae
299 4872 341 4929 ibi
361 4872 540 4930 constitutae
556 4870 698 4932 Sirmium
720 4872 752 4930 in
771 4871 929 4930 Pannonia
949 4869 1090 4928 inferiore
1113 4868 1187 4944 (vol.
1203 4868 1296 4946 1le.
1314 4869 1399 4945 418),

66 4977 171 5040 Siscia
195 4976 227 5034 in
254 4973 412 5033 Pannonia
441 4973 595 5050 superiore
623 4973 725 5049 (huius
755 4973 823 5050 eph.
845 4972 904 5031 vol.
921 4972 950 5030 II
972 4992 1000 5050 p.
1018 4971 1078 5029 414
1100 4991 1128 5030 ιι.
1146 4969 1232 5046 838),
1255 4969 1348 5031 Solva
1369 4972 1400 5030 in

145 5173 173 5261 l)
212 5200 330 5264 Angusta
348 5199 460 5250 Raurica
479 5213 634 5264 quamquam
654 5199 769 5251 eiusdem
788 5199 868 5249 tribus
888 5205 934 5261 est,
960 5198 1004 5248 vix
1025 5211 1082 5248 eam
1101 5212 1117 5247 a
1136 5196 1296 5262 Vespasiano
1315 5195 1401 5247 abstu-

64 5295 109 5354 lit,
130 5307 189 5341 onm
208 5291 288 5341 multo
308 5299 367 5342 ante
387 5291 489 5341 colonia
508 5306 539 5340 eo
560 5289 669 5342 deducta
689 5291 730 5342 sit.
