3488 5828
537 521 589 572 AD
616 521 790 574 CORPORIS
818 521 901 573 VOL.
919 523 958 572 11.

122 957 181 1017 AD
205 955 467 1019 PROVINCIAE
490 956 858 1031 TARRACONENSIS,
885 955 1142 1019 CONVENTVS
1167 956 1368 1019 ASTVRVM

373 1059 465 1120 CAP.
481 1060 527 1120 1v
548 1059 742 1124 ASTVRES
766 1059 1118 1122 TRANSMONTANI.

164 1253 199 1311 In
220 1253 363 1313 Asteriae
385 1253 494 1312 veteris
517 1253 639 1330 regione
662 1273 707 1324 es,
729 1271 806 1338 quae
828 1261 876 1312 est
897 1274 915 1312 a
936 1253 1064 1330 legionis
1087 1252 1147 1310 Vll
1170 1253 1278 1311 castris
1301 1249 1410 1326 (Leon)

78 1372 185 1412 versus
208 1355 426 1431 septentriones
449 1356 487 1414 ad
509 1356 625 1415 radices
649 1357 803 1428 montium,
826 1356 877 1432 qui
898 1357 1025 1414 Astures
1048 1363 1290 1414 transmontanos
1314 1371 1410 1412 secer-

77 1464 154 1515 nunt
175 1458 213 1515 ab
228 1458 427 1534 Augustalis,
450 1459 527 1516 inter
549 1457 706 1517 fluviorum
725 1458 801 1516 Enla
823 1465 854 1517 ct
867 1459 973 1518 Porma
995 1475 1126 1529 cursum,
1148 1457 1232 1532 regio
1254 1465 1301 1514 est
1321 1456 1410 1512 bodie

76 1558 159 1617 dicta
182 1563 298 1619 termino
320 1561 354 1618 de
375 1560 479 1619 litorio.
524 1559 572 1618 Ex
595 1561 659 1618 eius
680 1561 755 1619 vicis
777 1561 982 1637 compluribus
998 1579 1052 1636 per
1066 1560 1163 1618 valles
1179 1559 1279 1616 varias
1297 1558 1410 1633 disper·

77 1661 121 1720 sis
143 1663 180 1720 ab
203 1661 318 1735 amicis,
347 1663 487 1738 parochis
509 1662 698 1740 potissimum
724 1663 756 1721 in
778 1663 852 1720 vicis
878 1663 938 1721 illis
961 1662 1143 1739 degentibus,
1169 1661 1274 1719 titulos
1297 1661 1411 1736 accepit

76 1782 138 1822 non
166 1782 279 1841 paucos
306 1764 472 1842 descriptos
494 1784 561 1823 curn
584 1784 665 1836 eura,
693 1783 864 1840 quenquam
887 1765 950 1823 sinc
973 1765 1091 1840 peritia,
1113 1763 1262 1821 Iohannes
1284 1761 1319 1820 L.
1344 1760 1409 1821 Ca·

75 1865 228 1924 strillon
257 1867 358 1925 socius
387 1867 557 1925 academiae
584 1867 746 1926 historicae
768 1867 954 1926 Matritensis
976 1884 1087 1942 eosque
1108 1865 1219 1942 publici
1245 1865 1318 1923 iuris
1341 1863 1410 1922 fecit

74 1967 108 2024 in
140 1967 327 2046 ephemeride
360 1968 576 2028 Barcinonensi
608 1972 715 2028 revicta
748 1969 885 2028 histor-ico
918 1965 945 2027 a'.
978 1967 1056 2027 1876
1092 1967 1219 2044 (mensis
1252 1965 1409 2024 Februarii

76 2088 108 2145 p.
125 2068 273 2146 42-48).
320 2069 395 2130 Cum
418 2073 555 2148 corporis
578 2071 718 2130 volumen
740 2071 866 2130 alterum
889 2069 1015 2142 ederem,
1044 2089 1081 2128 ex
1103 2069 1159 2128 bac
1181 2069 1303 2146 regione
1324 2086 1409 2145 prae·

76 2178 124 2229 ter
145 2172 264 2231 titulum
286 2173 337 2232 diu
359 2174 419 2232 iam
442 2183 545 2232 notum
561 2175 656 2248 sontis
678 2173 860 2250 Sapiniensia
883 2173 956 2248 (vol.
974 2172 1005 2230 11
1023 2191 1051 2230 n.
1068 2169 1150 2231 2694
1165 2171 1202 2230 01.
1218 2170 1286 2228 add.
1302 2190 1331 2248 p.
1349 2169 1407 2228 709

74 2281 107 2331 et
121 2274 236 2351 epham.
252 2273 283 2332 11
299 2295 328 2352 p.
345 2273 430 2351 242),
452 2277 504 2351 qui
526 2294 627 2334 errore
650 2295 744 2352 nuper
766 2276 864 2334 locum
887 2275 1001 2334 invenit
1021 2275 1098 2332 inter
1121 2274 1252 2332 urbanos
1276 2273 1350 2349 (vol.
1364 2273 1408 2330 VI

73 2395 105 2432 n.
137 2375 227 2453 152),
264 2377 450 2454 alterumque
483 2398 543 2438 non
576 2378 650 2439 sotis
683 2387 764 2437 certo
802 2377 942 2436 traditum
975 2377 1054 2434 Ionia
1090 2377 1242 2436 Candnmii
1273 2375 1347 2450 (vol.
1378 2373 1408 2432 ll

73 2497 105 2536 n.
123 2475 217 2550 2695)
240 2497 319 2538 unns
341 2488 457 2538 tantum
479 2480 648 2540 innotuerat
670 2480 847 2556 sepulcralis
862 2498 923 2538 non
943 2485 1081 2538 accurate
1096 2479 1265 2553 descriptus
1287 2475 1359 2553 (vol.
1376 2475 1408 2532 Il

72 2599 104 2638 n.
131 2579 237 2656 2696).
293 2581 380 2641 Alter
412 2583 482 2640 item
516 2583 692 2661 sepulcralis
725 2581 913 2642 Sorribensis
946 2600 966 2638 a
996 2581 1031 2638 P.
1067 2579 1161 2638 l'ideli
1195 2579 1280 2636 Fica
1311 2577 1406 2635 editus

74 2681 204 2758 (ephem.
223 2683 269 2742 111
291 2704 319 2742 n.
337 2683 391 2758 28)
414 2685 511 2744 lucem
534 2685 685 2763 accepite
708 2683 825 2742 dnobus
849 2682 995 2741 similibus
1019 2702 1034 2739 e
1057 2682 1167 2740 vicinia
1188 2699 1266 2739 nuno
1288 2681 1406 2737 demum

72 2785 302 2862 prodeuntibus.
340 2785 406 2845 Hos
421 2788 517 2864 igitur,
527 2787 623 2845 visum
638 2786 688 2844 bic
702 2796 835 2863 repetere
850 2784 1077 2844 emendatiores.
1115 2781 1273 2842 Praecedit
1288 2781 1407 2840 Asturi-

73 2888 174 2946 censis
197 2905 273 2947 unus
296 2907 315 2946 a
337 2887 476 2948 Guerra
496 2908 591 2967 nuper
612 2887 718 2948 editus.
815 2891 818 2898 ’

70 3071 139 3133 148
162 3073 231 3149 (ius.
254 3084 325 3152 post
347 3096 375 3135 n.
394 3073 500 3152 2636).
545 3075 704 3135 Asturiose
725 3094 788 3153 rep.
812 3093 839 3134 a.
865 3074 953 3134 1800.

629 3229 850 3272 cnnnnnvnt

628 3330 759 3374 Fronto
784 3345 791 3360 ·
815 3331 852 3373 RF.

628 3433 749 3476 BVRRl
772 3446 779 3461 ·
802 3434 850 3475 F·

627 3535 848 3578 v·S·l.·ltl·

115 3655 142 3714 Ε
186 3655 330 3715 schedula
365 3657 478 3734 scripta
513 3655 632 3715 saeculo
667 3656 756 3715 XVll
792 3675 811 3713 a
845 3656 912 3714 Ioh.
949 3655 1096 3715 Lozano
1132 3657 1275 3715 canonico
1312 3657 1404 3716 edidit

69 3760 110 3816 A.
136 3755 279 3816 Gnerra
299 3761 407 3817 revicta
429 3759 566 3818 historica
588 3779 615 3818 a.
641 3759 719 3818 1816
743 3779 781 3817 m.
806 3755 887 3835 Sept.
912 3757 953 3833 (n.
969 3757 1095 3834 XXIX)
1118 3779 1147 3836 p.
1164 3757 1233 3818 260.

111 3857 233 3919 Numen
254 3861 444 3938 peregrinum
467 3860 564 3919 adhuc
586 3861 720 3940 ignotum
747 3859 935 3920 Caraedudia.

65 4069 135 4130 14⁹
158 4069 230 4144 (ins.
253 4079 322 4148 post
343 4091 371 4130 n.
388 4071 494 4148 2696).
546 4073 621 4149 Rep.
645 4092 679 4132 ea
702 4073 732 4130 lo
754 4070 862 4130 Poebla
884 4073 919 4130 de
940 4070 1031 4142 Lillo,
1055 4072 1085 4129 in
1108 4089 1223 4130 summo
1247 4077 1346 4128 monte
1369 4067 1400 4128 S.

110 4171 223 4230 Isidori
251 4191 345 4250 prope
374 4175 503 4232 confinia
532 4175 750 4250 provinciarum
776 4175 921 4233 Asturlne
948 4186 978 4232 et
1004 4173 1156 4250 Legionis.
1201 4171 1344 4232 Servatur
1370 4173 1401 4230 in

109 4291 215 4332 museo
236 4273 429 4351 Legionensi.
526 4335 531 4346 ,

600 4391 791 4559 uookrrj·
827 4517 870 4558 ru

599 4620 651 4662 avr
673 4633 680 4646 ·
703 4619 794 4660 uuam
821 4631 827 4645 ·
854 4618 870 4658 r

680 4722 786 4763 ΑΝ1.

544 4827 554 4863 t
659 4821 816 4864 H·s·s

105 4995 221 5053 Petrus
244 4995 337 5054 Alba
360 4995 456 5054 disseio
478 4997 512 5054 de
531 4997 680 5073 peoprafia
702 4997 718 5052 1
739 4997 859 5055 historie
881 4999 915 5056 de
943 4998 972 5056 la
992 5002 1141 5074 provincio
1162 5020 1181 5076 p
1204 4998 1340 5072 obispado
1363 4999 1398 5055 de

55 5097 149 5156 Leon
173 5115 199 5154 a:
226 5097 304 5156 1855
329 5098 430 5174 (quem
453 5099 559 5157 librum
583 5119 642 5156 non
664 5097 753 5174 vidi);
783 5099 818 5157 F.
842 5099 925 5158 Fita
951 5119 1045 5160 causeo
1072 5101 1190 5176 equriol
1214 5102 1248 5158 dc
1270 5104 1397 5174 antipae·

58 5201 158 5260 dades
181 5199 200 5256 4
224 5199 335 5276 (1815)
358 5200 479 5277 p..635;
508 5201 531 5258 l.
554 5199 590 5259 L.
614 5199 826 5261 Castrillon
849 5201 868 5259 l.
890 5220 915 5260 s.
937 5219 961 5261 s.
984 5221 1013 5278 p.
1030 5203 1084 5274 423
1113 5201 1145 5261 Ο.
1168 5202 1192 5260 Ι.
1210 5201 1293 5260 LII
1316 5199 1396 5262 2696
