3458 5820
309 458 385 530 324
887 477 1071 528 uouusnu

310 661 340 712 et
350 671 446 728 nuper
458 651 533 710 adeo
545 650 676 709 tabulam
689 669 806 710 aeream
819 669 857 708 ex
869 649 1021 727 Hispania
1032 651 1191 709 habuimus
1207 650 1251 727 (p.
1268 650 1340 727 166)
1359 652 1510 728 utrimque
1524 653 1564 711 ita
1578 673 1632 730 per·

309 757 464 834 scriptam,
478 762 511 812 ut
522 754 645 812 alteram
658 753 835 830 scripturam
851 763 1010 830 appareret
1025 761 1118 812 totam
1133 754 1275 812 reiectam
1291 771 1359 813 csse
1375 762 1502 830 propter
1513 756 1632 816 mendas.

310 857 372 917 Ubi
401 865 499 915 autem
522 855 669 914 eiusmodi
692 856 917 916 emendationes
940 863 1112 926 cernuntur,
1140 856 1319 915 secundaria
1345 857 1496 933 scriptura
1517 857 1575 916 lere
1595 859 1633 916 dc-

311 960 403 1019 terior
428 977 495 1018 esse
522 958 613 1030 solet,
640 969 673 1016 ut
694 959 743 1017 hic
764 977 883 1035 quoque
905 959 1012 1018 evenit.
1058 958 1131 1033 Ipsa
1156 958 1325 1017 litteratura
1350 961 1448 1036 partis
1472 961 1634 1037 posterioris

315 1073 349 1121 ut
370 1062 503 1139 pessima
525 1069 581 1133 est,
609 1061 652 1119 ita
673 1060 794 1119 minime
817 1068 973 1139 suspecta3
1000 1061 1092 1120 immo
1119 1061 1286 1136 scripturae
1308 1063 1465 1138 utriusque
1488 1063 1579 1140 partis
1600 1063 1635 1120 di·

313 1165 443 1224 versitas
477 1163 547 1223 talis
579 1162 641 1221 iere
673 1171 729 1236 est,
763 1163 861 1240 qualis
894 1162 1052 1222 intercedit
1083 1164 1113 1222 in
1147 1164 1313 1241 privilegiis
1344 1173 1554 1223 veteranorum
1579 1167 1634 1224 aeri

314 1266 489 1346 posterioris
511 1266 589 1324 inter
611 1265 789 1341 scripturam
813 1267 907 1342 partis
930 1266 1090 1324 exterioris
1114 1285 1182 1323 vere
1204 1266 1385 1324 destinatam
1408 1267 1531 1325 lecturis
1553 1276 1582 1324 et
1601 1268 1636 1324 in·

227 1411 229 1414 -
314 1370 453 1430 teriorem
481 1368 624 1445 scriptam
647 1369 744 1444 magis
767 1378 800 1426 at
823 1387 882 1426 non
905 1369 1026 1426 abesset
1046 1386 1134 1444 quam
1157 1379 1191 1426 ut
1211 1368 1368 1444 legeretur.
1413 1367 1495 1441 Quid
1517 1371 1594 1445 quod
1613 1372 1637 1428 in

314 1474 382 1550 ipsa
407 1481 492 1549 parte
520 1471 674 1547 superiore
701 1470 834 1529 eiusdem
862 1471 1047 1528 litteraturae
1073 1469 1184 1528 indicia
1205 1471 1350 1546 quaedam
1379 1471 1638 1548 deprehenduntur,

315 1586 349 1635 ut
370 1596 395 1634 e.
419 1595 444 1633 c.
468 1573 486 1631 5
509 1572 571 1644 lin,
593 1573 643 1631 ubi
666 1589 801 1631 rnrasrs
824 1573 999 1632 Viscontius
1022 1571 1123 1645 edidit,
1146 1583 1282 1631 extrema
1303 1573 1403 1632 littera
1423 1573 1503 1632 hanc
1525 1574 1638 1634 forman

316 1679 406 1736 habet
433 1671 577 1769 ruranrs,
603 1675 674 1734 item
702 1695 728 1732 v.
753 1674 770 1732 6
794 1691 809 1733 s
832 1660 1000 1734 in'csssaa
1027 1675 1233 1752 neglegentius
1260 1685 1388 1734 exarata
1415 1689 1473 1748 est,
1501 1685 1533 1735 ut
1558 1696 1640 1754 prope

316 1779 441 1838 accedat
467 1777 505 1836 ad
535 1797 600 1835 cam
622 1777 748 1853 figuram
771 1796 849 1853 quae
875 1777 904 1835 in
927 1777 1144 1854 posterioribus
1170 1785 1284 1854 regnat.
1329 1777 1407 1836 Tam
1430 1796 1531 1838 sermo
1553 1789 1641 1838 autem

317 1901 407 1959 quam
429 1879 644 1957 orthographia
665 1880 761 1956 partis
782 1879 933 1938 inferioris
956 1881 1045 1957 plane
1065 1881 1247 1938 conveniant
1262 1899 1328 1938 cum
1351 1881 1516 1956 superiore,
1539 1893 1641 1940 utnon

319 1983 415 2042 solum
439 1982 556 2041 soloece
584 1991 615 2041 et
640 1982 766 2040 barbare
793 1983 906 2057 scripta
931 1983 1019 2058 plane
1042 1982 1151 2054 absint,
1178 1982 1343 2040 sedetiam
1366 1984 1397 2041 in
1418 1984 1543 2055 talibus,
1564 1984 1643 2060 quale

319 2095 367 2145 est
392 2095 518 2144 extruere
550 2085 614 2142 sine
640 2104 654 2143 s
681 2083 779 2141 littera
806 2084 1026 2160 similibusque,
1055 2086 1106 2160 qui
1133 2085 1207 2143 haec
1238 2085 1360 2160 scripsit
1386 2087 1520 2162 optimae
1546 2087 1643 2145 aetatis

319 2187 565 2247 consuetudinem
587 2196 707 2245 secutus
730 2203 797 2244 esse
819 2186 996 2245 inveniatur.
1042 2187 1258 2265 Argumentum
1282 2187 1410 2264 denique
1433 2188 1512 2246 tituli
1535 2189 1644 2248 doctam

321 2309 393 2350 sane
412 2289 491 2348 inira
506 2309 544 2346 ex
559 2289 663 2348 ordine
678 2287 877 2348 enarrandum
899 2289 1020 2348 omnino
1043 2307 1136 2366 supra
1157 2289 1312 2348 falsarium
1335 2298 1382 2348 cst
1403 2290 1473 2348 licet
1495 2291 1643 2350 cruditum.

321 2393 428 2468 Itaque
455 2391 527 2450 mihi
549 2392 669 2467 quidem
697 2399 814 2450 constat
839 2391 1010 2450 universum
1032 2391 1150 2450 titulum
1178 2391 1321 2468 scriptum
1348 2411 1414 2452 esse
1436 2393 1561 2470 antiquo
1583 2405 1646 2453 ten·

321 2514 393 2573 pore
420 2511 516 2569 neque
542 2493 679 2552 fraudem
705 2494 736 2550 in
758 2513 824 2552 eum
848 2504 1016 2572 grassatam
1038 2510 1115 2552 esse.
1160 2492 1281 2571 Typum
1309 2503 1408 2553 autem
1435 2515 1510 2573 prae
1534 2496 1648 2556 scierit

322 2597 474 2674 scriptura
506 2596 571 2654 aevi
604 2615 665 2654 non
695 2597 837 2672 Augusti,
870 2596 923 2656 sed
951 2595 1157 2668 Antoniniani,
1180 2596 1210 2654 id
1233 2597 1313 2672 quod
1336 2596 1515 2657 Viscontius
1538 2616 1649 2676 quoquc

322 2719 388 2758 cum
414 2707 494 2757 recte
521 2697 737 2770 intellexisset,
765 2700 894 2775 priorem
921 2711 1036 2776 partem
1064 2717 1101 2756 ea
1121 2706 1219 2757 aetate
1246 2718 1286 2757 ex
1309 2699 1376 2758 aevi
1398 2701 1531 2778 Augusti
1556 2701 1650 2759 arche·

324 2812 395 2880 typo
423 2802 592 2860 restitutam
619 2819 686 2860 esse
712 2801 874 2860 contendit.
918 2799 1013 2858 Nobis
1041 2801 1092 2876 qui
1119 2807 1212 2859 totum
1240 2801 1359 2859 titulum
1388 2801 1447 2879 ipsi
1470 2805 1592 2862 saeculo
1613 2823 1651 2862 se

325 2905 423 2964 cundo
446 2904 579 2982 vergenti
601 2904 808 2962 adiudicamus
831 2903 978 2962 eiusmodi
1001 2903 1147 2962 machinis
1170 2902 1340 2962 artificiosis
1362 2922 1527 2981 opus-non
1549 2917 1602 2966 est.

408 3007 486 3064 Eum
508 3006 544 3064 de
567 3025 626 3082 quo
648 3007 747 3083 agitur
767 3006 802 3064 P.
825 3005 973 3064 Lucilium
996 3003 1032 3063 P.
1048 3005 1068 3063 i.
1092 3004 1127 3063 P.
1151 3025 1180 3064 n.
1202 3004 1238 3062 P.
1261 3024 1385 3082 pronep.
1409 3004 1572 3066 Gamalam
1594 3009 1654 3085 ipsa

326 3130 363 3169 ea
395 3108 540 3167 maiorum
574 3107 757 3168 enumeratio
796 3109 852 3167 hac
885 3108 1062 3184 praesertim
1095 3117 1192 3166 aetate
1225 3108 1299 3166 satis
1332 3108 1445 3168 indicat
1477 3129 1517 3169 ex
1549 3111 1655 3170 familia

326 3211 483 3271 oriundum
512 3228 579 3269 esse
608 3211 688 3269 domi
714 3211 820 3282 nobili;
853 3211 884 3269 id
910 3211 990 3287 quod
1015 3211 1195 3269 confirmant
1221 3209 1298 3268 tituli
1321 3209 1482 3271 Ostienses
1511 3213 1576 3288 alii,
1599 3215 1654 3292 pri·

326 3332 408 3372 mum
429 3311 573 3372 fastorum
595 3313 795 3391 fragmentum
810 3313 881 3371 olim
904 3314 943 3372 ad
965 3313 1137 3389 exemplum
1154 3310 1245 3373 Sartii
1268 3331 1287 3369 a
1306 3331 1353 3370 me
1374 3313 1404 3370 in
1428 3315 1505 3374 actis
1521 3313 1654 3394 Lipsien-

327 3417 412 3476 sibns
442 3434 500 3474 una
525 3434 592 3474 cum
620 3415 677 3473 hoc
702 3414 790 3472 titulo
816 3415 929 3492 publici
955 3415 1030 3474 iuris
1055 3415 1177 3486 facturn,
1205 3415 1265 3472 iarn
1291 3423 1441 3492 receptum
1470 3417 1501 3474 in
1525 3418 1655 3497 syllogen

326 3519 551 3578 Henzenianam
574 3537 603 3576 n.
622 3516 714 3589 6443,
741 3517 792 3576 ubi
815 3537 841 3575 a.
870 3517 906 3575 19
929 3537 958 3594 p.
983 3515 1054 3576 Chr.
1081 3517 1188 3576 duovir
1213 3517 1349 3594 procedit
1369 3515 1406 3574 P.
1429 3515 1567 3579 Lucilius
1590 3519 1654 3595 G[a·

328 3621 433 3698 mala];
457 3620 563 3678 deinde
579 3618 752 3678 Orellianus
774 3638 802 3676 n.
820 3617 911 3692 3970,
934 3619 965 3678 in
987 3637 1047 3694 quo
1069 3619 1178 3696 legitur
1201 3620 1351 3678 ....ilt'us
1370 3617 1499 3678 Gamala
1521 3627 1568 3680 vir
1588 3623 1614 3679 i.
1627 3645 1656 3680 a.

329 3725 356 3783 h.
372 3743 395 3782 s.
409 3723 485 3800 p.¹),
508 3723 589 3780 IIair
612 3723 702 3781 locum
724 3731 750 3778 et
776 3722 803 3779 d.
828 3743 940 3792 ....;
969 3721 1097 3798 denique
1123 3723 1212 3780 bases
1239 3721 1315 3780 duae
1342 3721 1456 3780 saeculi
1481 3724 1591 3800 opinor
1615 3742 1656 3782 se·

329 3826 417 3884 cundi
440 3845 459 3884 a
474 3823 528 3884 Gn.
547 3823 649 3884 Sentio
663 3799 783 3882 Lucilio
800 3821 931 3883 Gamala
946 3822 1094 3883 Clodiano
1114 3823 1268 3882 dedicatae
1289 3824 1425 3899 patribus
1446 3833 1506 3883 tam
1522 3826 1657 3904 adoptivo

330 3925 385 3987 Cn.
409 3925 512 3986 Sentio
541 3925 636 3985 Felici
663 3925 775 4001 (Orelli
798 3926 894 4001 4109)
928 3944 1018 4001 quam
1045 3925 1176 3984 naturali
1203 3926 1237 3984 P.
1261 3925 1377 3984 Lucilio
1401 3924 1546 3986 Gamales
1574 3929 1657 4002 (Mur.

334 4030 423 4103 1264,
439 4029 482 4105 7).
528 4027 588 4090 Sed
617 4027 748 4088 Gamala
773 4029 799 4087 is
827 4028 863 4086 de
891 4047 952 4104 quo
978 4029 1095 4104 agimus
1123 4030 1160 4087 ab
1187 4028 1234 4086 his
1261 4028 1397 4088 diversus
1423 4029 1515 4088 suerit
1545 4049 1657 4090 necesse

330 4141 389 4204 est;
418 4151 486 4190 nam
509 4131 636 4207 primum
664 4131 807 4208 temporis
834 4131 966 4190 rationes
994 4130 1165 4202 excludunt,
1194 4130 1355 4190 secundum
1384 4132 1515 4190 honores
1546 4133 1658 4203 diversi,

331 4235 448 4294 tertium
471 4234 551 4310 quod
574 4234 704 4292 honores
728 4233 825 4292 nullos
847 4234 950 4311 gessit,
978 4252 1074 4309 ncquc
1098 4233 1175 4292 enim
1198 4233 1278 4292 filius
1301 4250 1353 4292 eos
1376 4234 1407 4292 in
1428 4243 1516 4310 patre
1540 4235 1660 4294 naturali

331 4335 488 4409 tacuisset,
518 4355 585 4394 curn
612 4338 706 4412 patris
735 4335 868 4412 adoptivi
895 4336 1024 4395 honores
1051 4336 1171 4412 copiose
1196 4345 1323 4394 enarret.
1366 4335 1491 4396 Vixisse
1525 4337 1604 4396 hanc
1627 4338 1659 4394 ah

332 4439 475 4496 extremis
497 4438 682 4515 temporibus
700 4437 825 4497 Traiani
848 4439 886 4497 ad
908 4447 1045 4497 extrema
1058 4437 1154 4496 Marci
1176 4458 1215 4497 ex
1237 4439 1317 4496 infra
1339 4437 1477 4497 dicendis
1499 4439 1659 4519 apparebit.

415 4539 552 4598 Priorem
579 4539 698 4598 titulum
725 4552 794 4617 post
821 4550 946 4600 mortem
976 4539 1120 4600 Gamalae
1147 4541 1279 4616 positum
1310 4558 1379 4599 esse
1407 4560 1475 4599 cum
1503 4561 1544 4600 ex
1571 4542 1660 4619 capite

333 4651 468 4701 extremo
491 4648 572 4699 certo
594 4642 762 4718 colligatur,
784 4643 861 4702 idem
881 4643 918 4701 de
939 4643 1106 4718 posteriore
1121 4643 1277 4720 probabile
1299 4651 1359 4714 est;
1382 4643 1514 4702 honores
1537 4644 1660 4702 enimet

333 4743 501 4805 sacerdotia
523 4743 632 4820 prioris
655 4744 733 4802 tituli
755 4745 786 4802 in
809 4747 974 4822 posteriore
997 4763 1099 4803 omnes
1125 4744 1252 4804 redeunt
1272 4745 1483 4804 accedentibus
1511 4765 1572 4805 non
1594 4765 1661 4822 pan-

411 5072 434 5134 ¹)
454 5074 591 5124 Praecedit
608 5069 702 5124 XXoir
721 5073 745 5124 t.
766 5091 790 5124 a.
811 5073 835 5124 h.
855 5090 875 5123 a.
893 5091 936 5141 p.;
962 5090 1007 5125 eae
1031 5075 1130 5124 litterae
1155 5075 1181 5124 in
1206 5074 1256 5123 hoc
1279 5074 1335 5132 solo
1360 5073 1448 5138 lapide
1468 5077 1588 5125 inventae
1605 5071 1660 5139 quid

334 5167 485 5231 significent,
506 5167 591 5217 adhuc
612 5167 751 5232 ignoratur.
