3516 5828
479 1285 662 1398 Lusis
701 1283 1008 1398 conculta

160 1483 323 1559 IVLlAE
351 1483 634 1562 GENETIVAE
662 1486 966 1563 VRBANORVM
993 1486 1100 1562 SIVE
1128 1485 1332 1560 VRSONIS

552 1650 682 1700 DATAE
695 1651 729 1699 A.
744 1651 776 1700 V.
790 1650 820 1700 C.
834 1649 933 1701 Dccx

512 1771 810 1837 FRAGMENTA
833 1769 979 1837 NOVA.

385 1920 691 1972 annrrruaurvm
712 1922 764 1971 nn
785 1921 959 1973 coarctus
980 1921 1058 1972 von.
1073 1923 1109 1970 11.

669 2079 822 2086 -η--ι--ι

75 2121 229 2282 Ineunte
251 2244 278 2282 a.
305 2224 384 2283 1874
407 2225 518 2301 publici
542 2227 615 2286 iuris
638 2227 717 2284 facts
739 2235 809 2286 stant
831 2226 860 2284 iu
883 2225 972 2284 huius
994 2225 1192 2301 ephemeridis
1213 2226 1363 2284 volumine
1381 2226 1412 2283 ΙΙ

79 2311 122 2389 (t)-
145 2324 271 2401 105ss.)
294 2325 371 2404 legis
394 2327 529 2386 coloniae
544 2327 730 2387 Ursonensis
753 2329 921 2405 fragmenta
942 2329 1088 2403 inscripta
1110 2329 1219 2388 tabulis
1241 2331 1337 2388 aereis
1360 2330 1412 2386 tri-

79 2411 138 2477 bus
164 2427 322 2485 secundum
346 2439 451 2506 ectypa
473 2431 627 2489 nobiscum
649 2431 813 2489 liberaliter
832 2432 1051 2488 communicata
1070 2433 1107 2488 ab
1123 2431 1307 2488 immanuele
1326 2431 1413 2490 Ber-

79 2511 192 2602 lssnga
217 2541 246 2588 et
269 2531 428 2589 editionem
457 2531 589 2591 eiusdem
617 2532 674 2590 viri
700 2532 873 2591 doctissimi.
926 2531 1010 2606 Quae
1040 2533 1070 2590 in
1097 2532 1226 2590 editione
1253 2542 1357 2592 nostra
1382 2535 1413 2590 in

82 2613 249 2690 Germania
275 2633 410 2710 principe
437 2635 537 2693 varias
560 2637 597 2695 ob
624 2653 733 2694 causas
764 2635 861 2694 minus
892 2645 969 2694 recte
1002 2634 1211 2692 administrata
1237 2645 1324 2692 erant
1352 2653 1413 2692 non

81 2729 179 2790 multa
206 2752 287 2806 sane,
315 2753 350 2794 ea
377 2737 480 2813 paullo
508 2747 575 2813 post
601 2747 735 2796 correcta
762 2747 832 2796 sunt
859 2738 888 2794 in
911 2746 1072 2796 retractata
1094 2736 1261 2794 tabularum
1284 2737 1414 2794 editione

80 2818 195 2893 inserta
210 2837 305 2895 eidem
322 2838 502 2914 ephemeridi
526 2839 568 2916 (p.
586 2837 643 2898 221
658 2839 724 2915 sa).
769 2839 954 2898 Tabularum
970 2839 1086 2897 illarum
1103 2839 1178 2896 duac
1194 2839 1309 2914 priores
1326 2858 1415 2896 unam

81 2925 155 2992 elim
182 2938 342 2997 effecerant
369 2941 501 3017 quinque
530 2940 676 3001 columnis
704 2942 767 3000 sive
788 2942 906 3018 paginis
929 2941 1087 3018 scriptam3
1113 2940 1201 2998 tertia
1222 2940 1344 2998 alterius
1366 2959 1415 2998 cu-

80 3023 200 3098 iufidum
229 3060 299 3118 pars
326 3053 373 3101 est
398 3052 458 3101 tres
484 3051 600 3102 tantum
628 3045 754 3120 paginas
777 3043 894 3120 priores
917 3044 1085 3114 eontinens3
1112 3043 1246 3118 reliquae
1267 3042 1343 3100 duae
1365 3061 1416 3118 pc·

79 3128 205 3200 tiernus,
248 3144 297 3202 Ex
320 3146 452 3204 numeris
468 3147 609 3222 capitum,
632 3147 683 3222 qui
699 3146 843 3224 adscripti
861 3154 930 3204 sunt
943 3145 1080 3223 partibus
1096 3143 1317 3221 superstitibus,
1340 3145 1417 3203 hanc

81 3237 177 3303 lotias
199 3246 274 3323 legis
290 3266 400 3306 nonam
421 3247 484 3306 fere
505 3247 599 3306 fuisse
622 3247 762 3320 tabulam,
785 3249 868 3308 illam
888 3249 1046 3324 septimam
1062 3266 1129 3305 cum
1144 3246 1353 3322 probabilitate
1368 3245 1418 3304 de-

81 3329 154 3399 duci
168 3349 281 3422 potuit3
303 3347 431 3426 periisse
445 3351 536 3426 igitur
552 3358 603 3408 aut
624 3350 718 3409 latere
733 3350 801 3409 inde
817 3369 1003 3428 consequens
1018 3359 1083 3407 erat
1098 3349 1215 3406 tabulas
1232 3365 1286 3406 sex
1302 3348 1417 3425 priores

80 3444 116 3492 et
134 3460 265 3509 octavam
287 3451 430 3528 integras,
454 3452 583 3512 sortasse
598 3453 756 3528 quinarum
771 3454 948 3530 paginarum
963 3471 1053 3511 unam
1070 3470 1229 3528 quamque,
1252 3469 1349 3508 nonae
1363 3469 1416 3528 pa·

80 3536 172 3607 ginas
193 3553 284 3622 duas3
306 3563 461 3629 praeterea
483 3561 553 3629 post
574 3572 682 3614 nonam
704 3555 849 3614 incertum
872 3555 999 3614 aliarum
1020 3573 1185 3624 numerum,
1213 3552 1266 3611 sed
1287 3553 1418 3610 fortasse

79 3650 149 3704 ¹¹0ss
173 3673 322 3732 magnum.
367 3657 466 3730 Atque
494 3674 592 3714 nonae
617 3657 794 3733 particulam
822 3659 967 3717 minorem
995 3677 1056 3717 non
1082 3655 1208 3731 periisse
1235 3656 1289 3713 sed
1316 3665 1418 3714 extare

78 3740 182 3814 editer
202 3756 360 3833 Hispanus
383 3758 483 3816 statim
506 3757 676 3835 suspicatus
699 3769 758 3832 est;
785 3779 845 3818 nou
874 3760 958 3818 illam
981 3769 1105 3832 tantum,
1129 3760 1181 3818 sed
1202 3759 1320 3818 tabulas
1342 3759 1418 3816 inte-

76 3851 159 3910 gras
184 3860 353 3936 complures
381 3859 484 3936 (atque
506 3861 580 3918 adeo
608 3860 709 3937 plures
731 3879 821 3938 quam
843 3863 964 3920 omnino
991 3880 1121 3937 unquam
1147 3861 1238 3920 fuisse
1264 3859 1419 3936 probabile

74 3952 152 4047 est)
171 3971 304 4040 repertas
327 3979 394 4021 esse
417 3969 446 4019 et
467 3961 575 4020 callide
592 3962 679 4022 celari
703 3971 825 4039 propter
846 3963 912 4022 auri
935 3979 1052 4022 sacram
1073 3964 1182 4021 famem
1204 3964 1285 4022 fama
1307 3962 1421 4020 addidit

73 4054 165 4117 ¹¹¹ter
184 4064 247 4122 eius
270 4063 408 4140 regiones
430 4064 566 4124 homines
588 4065 726 4142 inprimis
748 4084 845 4124 rerum
861 4084 1005 4124 novarum
1021 4075 1051 4124 et
1075 4065 1276 4123 inauditorum
1299 4064 1418 4121 fertilis.

73 4133 166 4224 Spes
187 4175 287 4224 autem
309 4165 362 4223 illa
375 4165 544 4245 Berlangae
566 4167 603 4226 de
625 4168 830 4244 recuperanda
851 4186 948 4226 nonae
970 4167 1087 4225 tabulae
1110 4167 1260 4244 particula
1282 4183 1353 4224 sane
1376 4165 1419 4222 vi-

23 4309 27 4318 .
71 4237 172 4321 detur
185 4287 251 4325 enm
268 4267 429 4340 fefellisse;
452 4287 549 4344 neque
565 4287 635 4327 vero
650 4287 775 4346 prorsus
791 4270 945 4328 mentitam
961 4286 1028 4328 esse
1051 4269 1162 4327 famam
1177 4287 1248 4326 mox
1271 4268 1419 4345 apparuit.

71 4334 203 4427 Etanim
227 4378 371 4428 autumno
394 4389 420 4426 a.
439 4370 519 4430 1875
534 4370 718 4431 Franciscns
734 4371 882 4430 Martinus
906 4369 1028 4429 Ocaira
1050 4373 1124 4429 civis
1142 4371 1324 4430 Ursonensis
1347 4369 1421 4428 viris

71 4437 181 4528 doctis
209 4472 260 4548 qui
287 4473 399 4529 muscis
426 4472 540 4531 nostris
561 4483 704 4550 praesunt
725 4473 869 4531 indicavit
895 4472 1002 4530 littaris
1038 4474 1276 4545 humanissimis,
1300 4490 1421 4531 servare

71 4555 117 4607 ΒΕ
155 4569 230 4632 domi
264 4573 384 4632 tabulas
422 4575 498 4633 duas
532 4575 569 4632 ad
606 4575 702 4653 legem
736 4573 940 4634 Ursonensem
975 4577 1158 4651 pertinentes
1192 4594 1317 4652 easque,
1355 4593 1421 4632 cum

72 4641 260 4742 desperaret
300 4675 337 4732 de
374 4676 485 4751 pretio,
526 4678 614 4753 quale
650 4697 778 4754 aequum
820 4695 888 4736 esse
924 4677 1124 4750 existimaret,
1166 4679 1196 4736 in
1232 4678 1331 4752 patria
1367 4693 1422 4733 sua

73 4750 258 4854 Pbtinendo
281 4778 361 4836 velle
375 4779 503 4837 rendere
518 4797 622 4838 museo
637 4779 826 4858 potissimum
841 4779 1038 4838 Berolinensi.
1081 4780 1130 4839 De
1145 4779 1211 4837 loco
1227 4797 1287 4854 quo
1303 4777 1423 4836 tabulae

73 4846 160 4956 {¹1³2
183 4899 279 4939 novae
301 4893 437 4957 repertae
459 4882 520 4940 sint
542 4889 572 4940 et
597 4891 697 4940 utrum
718 4901 814 4960 nuper
835 4881 1001 4959 prodierint
1023 4901 1061 4940 an
1084 4890 1173 4940 antea
1194 4882 1252 4938 iam
1277 4899 1335 4938 una
1357 4897 1420 4936 cmn

74 4962 152 5027 ΜΨ
175 4984 253 5041 notis
275 4983 372 5041 tribus
395 4983 490 5058 (qnod
506 5003 580 5043 sane
602 4983 673 5042 licet
694 4983 855 5061 suspicari)
879 4984 1002 5042 verbum
1024 4984 1075 5041 ille
1098 5002 1157 5041 non
1179 4981 1303 5040 addidit.
1346 4980 1424 5038 Post

78 5065 190 5140 Varias
210 5083 314 5160 quales
337 5085 367 5142 in
383 5085 449 5144 eins
465 5086 547 5145 modi
563 5086 693 5162 negotiis
711 5086 809 5144 solent
825 5086 959 5145 obtinere
980 5087 1173 5144 tractationes
1196 5084 1277 5160 (nam
1295 5081 1422 5158 pretium

18 5189 19 5192 ’
83 5166 225 5241 lettditor
246 5197 389 5262 exegerat
410 5187 485 5246 satis
502 5190 657 5265 magnum)
681 5195 710 5246 et
731 5195 802 5264 post
822 5187 903 5246 victa
924 5189 1000 5246 alins
1019 5188 1137 5264 generis
1159 5184 1325 5255 obstacula,
1347 5201 1423 5260 quae

89 5269 146 5326 ‘⁹1
176 5284 208 5340 ad
246 5287 335 5346 tinem
373 5289 577 5364 perducendae
615 5289 731 5366 utrique
769 5290 846 5366 parti
883 5298 1019 5366 optatum
1051 5309 1164 5348 moram
1197 5287 1347 5345 faciebant
1382 5286 1425 5342 in-

1182 5387 1220 5446 70
