3516 5828
561 503 746 554 russanen
775 501 1063 553 onttnrsuonmu.
1402 479 1471 549 163

142 675 291 754 oblongae
307 676 414 735 solitae
429 694 496 734 oum
512 695 587 735 ansa
602 677 731 734 rotunda
746 675 926 751 circulisquo
941 682 1048 734 ornata
1066 675 1104 732 ad
1123 691 1208 732 rosae
1225 673 1355 744 modum,
1377 691 1473 748 neque

144 797 226 850 vero,
249 789 281 836 ut
304 779 431 851 videtur,
453 777 605 856 perforata
627 778 678 854 (ha
697 779 794 851 forino
813 779 844 835 di
866 777 1023 853 rettanpolo
1039 779 1187 834 terminato
1210 779 1240 832 ia
1261 795 1300 833 ua
1323 777 1400 833 diaeo
1423 793 1473 832 coa

142 889 249 939 rosseto
271 901 290 939 o
313 881 383 940 linea
404 881 622 956 concortriche);
649 880 740 956 longa
762 889 808 938 est
830 899 868 938 nr.
886 879 914 938 0.
932 880 959 950 5,
982 879 1044 938 alta
1066 879 1140 949 0.1‚
1163 895 1268 936 crassa
1288 878 1317 934 0.
1334 877 1383 935 05.
1427 877 1473 934 In·

140 982 255 1058 scripta
276 992 331 1055 est,
354 991 386 1041 ut
408 1003 436 1040 n.
454 981 482 1054 2,
510 1002 527 1040 a
549 982 667 1040 duobus
690 991 804 1040 tantum
827 982 985 1053 lateribus3
1013 981 1107 1038 latera
1134 981 1250 1057 reliqna
1279 979 1338 1036 duo
1368 988 1473 1036 ornata

140 1092 212 1141 sunt
239 1084 365 1143 alterum
393 1085 522 1143 caduceo
549 1103 641 1160 supra
668 1084 835 1156 tridentem,
865 1084 990 1142 alterum
1021 1102 1132 1141 corona
1154 1101 1246 1158 supra
1268 1082 1411 1158 palmam3
1440 1090 1473 1137 ut

139 1185 189 1242 hic
211 1186 348 1244 similiter
368 1197 457 1263 atque
477 1187 508 1244 in
531 1186 595 1244 Η
618 1187 774 1246 tridentem
791 1187 829 1244 ad
845 1186 995 1245 retiarium
1012 1186 1122 1244 referre
1139 1203 1264 1260 pronum
1281 1185 1328 1242 sit.
1373 1183 1472 1242 Verba

139 1297 239 1346 autern
263 1288 339 1347 tituli
363 1290 437 1348 haec
460 1297 539 1348 sunt.

224 1495 253 1551 4.
627 1509 717 1552 esuri
733 1523 740 1536 ·
756 1509 869 1553 sacoru
887 1525 893 1539 ·
911 1511 952 1551 r·
969 1509 983 1551 s

680 1611 927 1655 sescravrr

222 1798 306 1857 lnira
328 1799 359 1858 in
381 1801 447 1859 hasi
469 1809 602 1859 tesserae
624 1801 795 1878 scariphata
817 1809 864 1859 est
884 1801 984 1859 littera
1006 1800 1168 1877 singularis

793 2022 807 2066 S

219 2210 254 2268 Id
277 2221 322 2270 est
344 2209 492 2287 Getides)
515 2211 625 2270 Paconi
645 2211 729 2288 Thu)
752 2211 881 2288 a(erous)
903 2215 1050 2287 spectavit.
1095 2210 1176 2286 Quid
1200 2225 1214 2269 s
1236 2210 1291 2268 illa
1313 2217 1399 2269 extra
1421 2231 1466 2270 or-

133 2311 233 2370 dinem
257 2313 334 2370 tituli
358 2313 461 2372 addita
487 2313 633 2389 significet
659 2333 744 2372 nemo
767 2314 856 2372 facile
878 2313 1070 2384 divinaverit3
1098 2312 1157 2370 diei
1180 2321 1260 2383 nota,
1284 2323 1316 2370 ut
1339 2313 1369 2371 in
1392 2330 1413 2370 Ν
1430 2329 1467 2372 ·s

132 2423 265 2472 tesserae
284 2415 428 2488 Protemi‚
451 2434 511 2473 non
534 2416 651 2474 videtur
672 2415 873 2491 intellegenda
895 2433 971 2473 esse.
1014 2414 1062 2472 De
1084 2413 1250 2473 litterarum
1273 2415 1371 2473 forma
1392 2416 1467 2474 nihil

133 2516 307 2588 adnotatum
337 2518 456 2576 servilis
485 2517 671 2576 condicionis
698 2517 850 2588 indicatio,
876 2517 947 2575 item
972 2515 1057 2574 Genti
1085 2517 1286 2575 nominativus
1313 2536 1373 2575 non
1398 2537 1467 2594 per·

132 2618 262 2695 scriptus
285 2619 322 2677 ad
345 2619 459 2678 liberae
481 2619 523 2677 rei
546 2620 684 2696 publicae
707 2637 792 2678 usum
816 2627 962 2696 spectant.
1001 2616 1127 2676 Gentius
1150 2618 1256 2676 servile
1277 2637 1385 2676 nomen
1407 2619 1465 2674 ori·

131 2719 212 2796 ginis
234 2719 374 2797 Illyricae
401 2731 503 2779 notum
527 2729 573 2780 est
599 2721 703 2781 amieis
730 2739 834 2778 musae
856 2720 1040 2791 Lucilianae,
1063 2720 1196 2778 Paeonia
1225 2737 1298 2796 gens
1320 2739 1359 2778 ex
1381 2717 1465 2778 Cice·

130 2823 216 2880 ronis
239 2821 404 2883 Miloniana
431 2834 521 2900 atque
543 2843 581 2882 ex
609 2823 703 2882 titulis
726 2840 785 2881 non
812 2821 914 2893 nullis,
936 2840 1061 2898 quorum
1085 2841 1175 2880 unum
1199 2829 1348 2880 vetustum
1365 2820 1465 2882 Setiae

130 2931 281 3001 repertum
305 2923 354 3002 (C.
372 2927 396 2983 Ι.
412 2925 448 2984 L.
472 2925 597 3002 11159)
621 2925 775 2984 nominare
795 2923 932 2983 sufficiat.

215 3026 263 3085 De
285 3035 416 3086 tesserae
432 3027 664 3104 Tarquiniensis
679 3033 826 3086 vetustate
842 3043 928 3085 nemo
951 3025 1112 3098 dubitabit3
1136 3025 1336 3097 Arelatensis,
1358 3027 1388 3084 in
1404 3046 1464 3103 qua

131 3139 241 3205 spectet
255 3129 433 3188 vocabulum
457 3131 527 3188 item
542 3129 660 3188 videtur
681 3129 880 3207 perscriptum
896 3146 972 3199 esse,
996 3127 1034 3186 ad
1049 3136 1200 3203 quattuor,
1222 3145 1297 3204 quas
1320 3128 1369 3186 hic
1384 3145 1462 3186 corn-

130 3233 229 3306 posui‚
256 3231 380 3291 accedit.
425 3230 504 3304 Quid
532 3242 686 3310 spectasse
714 3231 761 3289 vel
789 3243 924 3308 spectare
945 3229 1004 3290 dici
1031 3230 1161 3307 potuerit
1184 3247 1292 3289 servus
1313 3230 1463 3306 gladiator

130 3331 242 3408 aliquis
265 3343 347 3392 certo
362 3334 491 3409 quodam
515 3334 563 3394 die
586 3335 655 3392 anni
672 3335 744 3392 certi
767 3333 864 3393 adhuc
879 3350 936 3393 nos
951 3332 1039 3403 latet;
1062 3332 1092 3389 in
1108 3332 1233 3392 tesseris
1250 3350 1321 3391 vero
1337 3332 1462 3408 reliquis

129 3435 280 3508 omnibus,
306 3435 336 3492 in
359 3435 468 3511 quibus
491 3455 525 3512 ep
549 3436 594 3496 vel
617 3455 667 3512 spe
689 3446 740 3495 aut
761 3446 838 3513 spect
858 3435 978 3512 legitur,
1005 3433 1078 3493 nihil
1102 3434 1185 3493 aliud
1207 3433 1332 3494 indicari
1355 3436 1462 3513 proba-

129 3535 190 3594 bile
212 3546 268 3596 est.

213 3639 248 3697 In
270 3647 399 3700 mentem
423 3641 504 3700 venit
519 3641 705 3699 Mommseno
728 3639 875 3717 (mihique
892 3640 988 3700 visum
1011 3648 1057 3698 est
1079 3639 1200 3715 prohari
1222 3638 1325 3716 posse)
1348 3638 1463 3716 gladia·

128 3749 209 3800 tores
230 3743 305 3801 rude
327 3743 455 3802 donatos
477 3744 606 3802 sortasse
628 3743 786 3800 transiisse
808 3761 845 3800 ex
869 3761 960 3801 arena
981 3743 1012 3800 in
1034 3759 1155 3800 caveam
1180 3740 1393 3818 spectandique
1413 3741 1461 3798 ius

128 3843 252 3919 adeptos
273 3861 341 3902 esse
364 3845 415 3916 ibi,
439 3845 488 3904 ubi
511 3856 599 3902 antea
621 3845 839 3920 spectabantur.
884 3845 957 3902 Eius
981 3843 1053 3901 iuris
1075 3843 1190 3900 initium
1208 3843 1368 3900 memoriae
1383 3843 1460 3900 tradi

127 3945 223 4020 potuit
246 3945 337 4003 veluti
360 3946 486 4005 honesta
508 3946 612 4006 missio
635 3948 780 4023 quaedam
804 3949 834 4006 in
862 3946 986 4006 tesseris
1012 3944 1208 4022 gladiatoriis.
1252 3943 1374 4002 Horatii
1396 3963 1460 4003 ver·

127 4061 180 4104 sus
204 4063 277 4104 sane
299 4065 359 4107 non
382 4048 482 4108 obstat
503 4049 572 4108 huie
595 4049 737 4127 opinioni.

1165 4149 1246 4206 Aust.
1270 4147 1416 4206 Hiiaunn.
