3488 5828
528 511 603 562 unx
629 510 795 562 murnum
822 511 1070 564 vrrsscausrs.
1115 509 1116 512 ’
1390 495 1459 564 179

133 708 193 747 neo
216 687 392 746 tonstrinam
420 703 539 762 quoque
566 685 684 744 invice
707 684 887 760 Vipascensi
910 686 1107 745 exercendam
1134 686 1308 745 conductori
1334 687 1462 746 locatam

135 809 214 850 esse.
259 787 347 863 Quod
369 789 400 846 iu
423 791 479 847 boc
501 787 598 863 capite
620 787 651 846 in
673 787 845 846 universum
867 789 1090 864 praescribitur,
1113 789 1324 848 conductorem
1343 789 1462 866 privile-

132 895 186 970 gio
214 910 268 951 suo
289 893 333 950 ita
355 891 412 950 frui
435 891 551 964 debere,
577 891 682 966 nequis
704 890 781 948 alius
808 890 838 948 iu
861 891 927 948 vieo
950 891 1134 950 metallorum
1164 892 1278 950 intrave
1300 893 1375 950 fines
1397 891 1461 949 eius

134 989 214 1072 (sive
236 994 318 1071 quod
340 993 417 1050 idem
441 993 608 1069 significare
622 992 760 1064 vidimus,
784 993 813 1050 in
836 993 993 1051 territoriis
1013 994 1092 1070 eius)
1115 995 1296 1053 tonstrinum
1318 1003 1461 1070 quaestus

135 1115 228 1156 causa
249 1097 349 1166 faciat,
371 1095 399 1154 id
423 1097 521 1171 potuit
543 1095 681 1154 similiter
703 1095 792 1153 etiam
816 1094 852 1152 de
875 1095 997 1170 reliquls
1020 1097 1219 1156 locationibus
1242 1097 1310 1168 dici,
1337 1116 1404 1154 cum
1427 1116 1462 1153 ea

136 1201 277 1259 universa
299 1198 458 1257 locationis
480 1197 569 1256 buius
592 1197 642 1255 lex
664 1197 712 1256 sit.
757 1195 817 1270 Qui
833 1206 937 1256 contra
958 1197 1036 1270 fecit,
1060 1199 1233 1258 conductori
1250 1201 1373 1258 multam
1391 1199 1461 1256 dare

134 1303 253 1360 iubetur
273 1301 303 1360 in
326 1299 462 1376 singulos
484 1299 728 1358 ferramentorum
752 1317 839 1371 usus;
868 1301 910 1358 ita
937 1301 1074 1377 supplevi
1101 1301 1236 1359 lacunam
1261 1311 1383 1378 propter
1405 1303 1461 1359 fer·

133 1413 270 1462 ramenta
290 1403 399 1461 diserte
421 1403 452 1460 in
475 1402 517 1460 eis
533 1421 609 1478 quae
632 1412 772 1460 secuntur
787 1403 949 1460 nominata.
995 1403 1190 1462 Ferramenta
1211 1405 1288 1481 ipsa,
1311 1424 1348 1462 ne
1363 1405 1460 1462 denuo

138 1509 165 1565 ei
182 1515 319 1578 noceant,
335 1503 508 1564 conductori
523 1504 683 1562 commissa
698 1523 765 1562 esse
781 1505 830 1562 lex
846 1506 935 1563 iubet.
966 1505 1164 1582 Excipiuntur
1179 1507 1230 1582 qui
1246 1525 1305 1564 nou
1320 1503 1465 1583 quaestus

134 1626 235 1680 causa,
259 1607 312 1666 scd
335 1609 364 1664 in
387 1607 515 1684 privatis
531 1606 639 1664 officiis
662 1616 754 1664 artem
777 1608 916 1665 tondendi
938 1617 1086 1666 exercent.
1133 1607 1293 1668 Circitores
1316 1629 1386 1667 vero
1410 1609 1460 1666 alii

133 1718 253 1788 praeter
267 1727 330 1780 eos,
346 1727 422 1786 ques
438 1709 602 1768 conductor
616 1709 707 1780 misit,
730 1729 767 1767 ne
782 1710 920 1786 pricatim
936 1710 1055 1786 quidem
1072 1712 1206 1788 singulos
1223 1712 1304 1770 domi
1319 1711 1460 1770 tondendi

133 1815 181 1872 ius
203 1814 322 1884 babent,
347 1831 405 1870 nen
428 1811 524 1888 magis
545 1829 635 1886 quam
657 1811 683 1868 ei
706 1813 757 1886 qui
780 1811 810 1868 in
833 1813 987 1871 tonstrinis
1010 1813 1141 1871 tondent.
1186 1811 1262 1872 Cum
1289 1815 1460 1872 tonsoribus

133 1914 319 1973 circitoribus
342 1915 417 1990 legis
433 1914 522 1971 huius
538 1914 706 1990 comparari
729 1923 865 1990 possunt,
889 1924 922 1972 ut
937 1915 1181 1974 Mommsenus
1204 1917 1328 1988 monuit,
1353 1918 1459 1974 vostia-

132 2018 244 2076 riorum
267 2025 297 2074 et
319 2016 523 2074 linteariorum
546 2016 698 2074 circiteres
720 2014 871 2092 Ulpiani
894 2016 953 2094 dig.
976 2016 1053 2074 XIV
1071 2017 1099 2089 3,
1115 2018 1179 2089 5,4
1203 2025 1232 2076 et
1260 2010 1345 2100 tarpei
1368 2018 1390 2076 οἱ
1413 2039 1460 2075 πε-

131 2109 270 2202 prodromi
290 2108 456 2184 ambariacum
479 2117 678 2176 Modestini
702 2119 761 2194 dig.
785 2117 910 2176 XXVII
934 2121 959 2188 l,
983 2119 1011 2188 G,
1035 2121 1060 2176 l.
1105 2119 1164 2178 Hic
1185 2139 1302 2196 quoque
1325 2121 1459 2198 pignoris

132 2221 231 2298 captio
247 2220 418 2279 conceditur
433 2220 604 2278 conductori
627 2221 658 2278 iu
674 2238 786 2290 omnes,
809 2221 858 2294 qui
875 2229 979 2279 contra
1000 2221 1095 2298 legera
1119 2223 1240 2280 tondere
1263 2224 1459 2300 susceperint,

132 2323 285 2400 multaque
307 2333 460 2400 practerea
481 2323 589 2380 dieitur
610 2322 647 2393 ei,
669 2323 720 2398 qui
741 2322 849 2399 pignus
865 2323 1028 2398 capientem
1052 2325 1244 2400 prohibuerit.
1291 2323 1376 2398 Quae
1391 2344 1458 2402 pro-

129 2425 291 2484 hibitiones
313 2445 384 2484 narn
406 2427 436 2482 in
459 2425 515 2482 hoe
538 2425 725 2500 potissimum
748 2425 868 2501 negotio
894 2425 1064 2502 frequentes
1090 2426 1199 2485 suerint
1221 2434 1310 2503 atque
1333 2447 1397 2486 eam
1420 2430 1458 2486 ob

129 2545 251 2586 causam
279 2527 328 2586 bic
354 2536 467 2586 tanturn
494 2526 605 2585 diserte
627 2536 836 2600 memorentur,
862 2529 1049 2604 ignoramus3
1072 2527 1200 2588 fortasse
1223 2530 1332 2588 mentio
1355 2549 1457 2589 earum

130 2648 202 2688 casu
224 2639 339 2688 tantum
363 2630 409 2688 vel
432 2629 621 2707 neglegentia
643 2629 713 2688 alibi
737 2630 857 2710 excidit.
902 2631 1072 2707 Iniungitur
1094 2640 1192 2690 autem
1216 2632 1398 2702 conductori,
1426 2641 1459 2691 ut

129 2739 210 2790 recte
232 2732 409 2792 tonstrinum
425 2740 573 2804 exerceat,
596 2751 685 2790 unum
708 2732 845 2809 pluresve
861 2733 987 2790 artifices
1010 2734 1133 2792 idoneos
1155 2734 1185 2791 in
1206 2735 1372 2812 portionem
1389 2753 1456 2792 con-

129 2833 280 2894 ductionis
301 2835 446 2910 recipere3
469 2834 582 2892 scilicet
604 2854 669 2892 oum
692 2834 756 2892 lieri
775 2834 872 2910 possit
894 2843 927 2892 ut
948 2835 1013 2911 ipsc
1036 2835 1176 2893 tondendi
1199 2844 1292 2894 artem
1316 2855 1375 2896 non
1397 2821 1458 2895 cal-

129 2937 199 2994 leat.
242 2936 325 2994 luter
351 2944 442 3008 artes,
470 2937 606 3014 quamvis
629 2955 687 2993 nou
711 2937 861 3008 liberales,
890 2938 1070 2996 tonstrinum
1096 2939 1246 2995 numerari
1269 2940 1376 2997 mirum
1398 2958 1456 2998 nou

128 3047 185 3110 est,
209 3057 275 3097 cum
290 3057 394 3097 omnes
418 3039 478 3096 iere
493 3039 615 3116 opifices
630 3047 724 3096 artem
740 3058 879 3097 exercere
899 3041 1035 3098 dIcautur
1054 3049 1146 3110 recte;
1171 3059 1349 3099 noveramus
1372 3061 1456 3118 prae·

128 3151 221 3212 terea,
250 3141 331 3217 quod
358 3150 589 3200 consentaneum
612 3149 667 3212 cst,
695 3141 883 3218 disciplinam
911 3151 940 3200 et
962 3141 1204 3200 exercitationem
1227 3143 1258 3200 in
1281 3143 1337 3200 hoc
1359 3145 1456 3202 officio

128 3244 231 3320 magni
252 3261 370 3320 semper
392 3243 566 3302 aestimatas
588 3244 698 3320 esse1).

212 3344 259 3402 De
274 3345 439 3404 fullonibus
455 3347 557 3404 omnia
570 3355 641 3404 nota
663 3343 780 3422 sunt²);
802 3346 831 3402 in
848 3347 912 3405 vico
929 3346 1108 3424 Vipascensi
1131 3348 1238 3424 reliqui
1254 3349 1454 3424 negotiatores
1473 3363 1513 3412 VI
1538 3363 1590 3413 'ra-

127 3447 263 3506 vestiarii
283 3465 349 3506 cum
372 3466 432 3506 uon
447 3457 657 3520 memorentur,
680 3469 766 3506 omne
789 3449 850 3508 fere
873 3450 1117 3508 vestirnentorum
1134 3451 1282 3529 negotium
1305 3453 1336 3510 iu
1358 3455 1454 3511 taber·
1483 3446 1578 3495 barnae

126 3549 175 3608 nis
195 3548 328 3608 fulloniis
351 3549 469 3608 videtur
490 3551 592 3610 fulsse.
635 3549 698 3608 Eae
721 3570 840 3628 quoque
866 3551 1002 3611 locantur
1024 3553 1075 3622 ita,
1107 3563 1139 3609 ut
1165 3553 1273 3611 nemini
1300 3529 1591 3638 praetereuf¹¹¹¹⁰¹l⁸ff

126 3661 272 3726 quaestus
295 3669 388 3710 eausa
409 3652 443 3726 (i.
466 3672 490 3710 e.
514 3651 658 3723 mercede,
682 3663 713 3711 ut
735 3653 983 3712 Buechelerus
1005 3664 1085 3712 recte
1107 3655 1250 3730 restituit)
1278 3629 1491 3716 vestimental'
1506 3614 1589 3663 434⁰

124 3752 223 3826 rudia,
250 3771 268 3810 a
294 3753 467 3812 mulieribus
495 3765 567 3830 puto
595 3764 687 3826 texta,
713 3764 888 3814 recuratave
915 3763 1044 3814 tractare
1070 3757 1167 3814 liceat.
1212 3757 1307 3816 Multa
1333 3759 1375 3817 eis
1403 3760 1454 3835 qui

124 3863 230 3913 contra
261 3855 386 3914 fecerint
415 3856 446 3914 in
480 3857 614 3932 siugulas
647 3857 770 3916 lacinias
804 3858 918 3916 dicitur.
963 3858 1103 3934 Pignoris
1133 3857 1231 3936 captio
1262 3859 1309 3917 bie
1335 3879 1453 3938 quoque

123 3956 300 4014 conductori
321 3957 416 4016 datur.

209 4056 298 4132 Quod
325 4060 459 4136 sequitur
485 4069 576 4138 eaput
605 4081 664 4118 una
689 4081 754 4120 cum
783 4063 888 4120 ultimo
917 4062 953 4121 de
979 4063 1056 4138 ipsis
1079 4063 1122 4121 eis
1149 4063 1275 4138 opificiis
1302 4074 1350 4122 est
1377 4084 1452 4140 quae
1504 4080 1556 4128 vn

124 4161 164 4218 ad
179 4161 365 4220 metallorum
390 4163 596 4220 tractationem
618 4165 774 4239 pertinent.
818 4164 866 4222 De
882 4173 945 4222 arte
966 4175 1064 4222 autern
1080 4164 1203 4223 metalla
1223 4167 1369 4224 tractandi
1386 4186 1453 4225 curn
1475 4163 1589 4228 Scriptu-

123 4269 243 4338 praeter
273 4282 309 4319 ca
335 4281 412 4340 quae
443 4264 524 4340 apud
551 4265 708 4323 Plinium
736 4267 924 4341 potissimum
953 4265 996 4342 (in
1025 4267 1170 4325 naturalis
1198 4268 1341 4327 historiae
1367 4269 1452 4328 libris
1466 4261 1510 4294 ¹³⁶
1524 4263 1596 4297 ⁵⁰³⁰·

124 4363 272 4422 xxxm
299 4374 328 4422 et
354 4365 511 4441 xxxrv)
535 4364 813 4443 aerumnamque
839 4376 943 4426 exunt
973 4369 1035 4444 (111
1052 4369 1115 4441 aa
1145 4389 1173 4445 p.
1193 4371 1250 4429 145
1274 4369 1353 4444 ms,
1376 4332 1592 4464 quaeffll'

122 4485 140 4522 e
163 4465 366 4526 Posidonio
388 4469 482 4545 petita
503 4476 571 4528 sunt
593 4469 754 4528 maximam
777 4470 906 4546 partem)
933 4490 992 4529 neu
1016 4472 1111 4530 multa
1137 4473 1224 4531 nobis
1247 4473 1356 4532 tradita
1381 4475 1451 4548 siut,
1481 4497 1577 4546 ,comm

48 4639 57 4652 1
123 4567 246 4626 difficile
268 4576 315 4626 est
335 4589 411 4646 quae
433 4571 480 4628 his
508 4571 655 4647 capitibus
684 4572 872 4631 continentur
893 4575 985 4632 verba
1006 4581 1087 4632 certa
1113 4575 1228 4633 ratione
1249 4575 1401 4652 explicaro
1424 4581 1589 4634 (strate-57

122 4671 274 4746 supplere.
318 4671 446 4732 Frustra
472 4683 551 4732 certe
578 4674 698 4732 evolves
726 4692 802 4749 quos
829 4693 885 4751 ego
911 4676 1009 4734 evolvi
1035 4677 1130 4736 libros
1160 4688 1220 4734 tam
1248 4695 1311 4752 eos,
1339 4679 1389 4752 qui
1416 4679 1452 4734 de

121 4929 328 4940 ———

203 5105 226 5168 ¹)
266 5107 306 5158 Cf.
326 5109 576 5175 Marquardtius
595 5112 612 5161 l.
627 5128 647 5161 s.
662 5128 682 5162 s.
702 5130 727 5178 p.
742 5115 793 5164 205
813 5115 872 5164 adn.
896 5115 974 5165 1904,
998 5115 1075 5166 1905.

200 5196 225 5260 ²)
265 5201 306 5250 ct.
325 5201 554 5267 Marquardtii
573 5204 668 5254 enobir.
683 5207 738 5256 V2
759 5222 783 5270 p.
799 5205 860 5256 139.
