3488 5828
293 471 365 540 186
879 475 1026 535 nessae

293 663 473 740 significare,
510 661 615 738 quales
648 660 768 736 quidem
805 661 867 718 vini
902 661 1056 736 amphoris
1092 660 1174 736 affigi
1209 659 1359 732 solebant,
1393 661 1500 720 deinde
1534 663 1624 722 etiam

292 765 439 843 epistulas
461 765 567 822 breves
588 763 765 838 libellosque
788 781 805 820 e
827 762 970 820 Petronio
991 762 1168 839 Lampridio
1193 762 1295 820 codice
1316 762 1528 823 Theodosiano
1554 765 1622 824 aliis

292 868 390 926 lexica
417 867 569 925 adnotant
613 865 743 924 Pittacia
775 865 867 941 igitur
896 865 970 923 haec
1001 864 1103 941 aliqua
1134 865 1251 924 ratione
1281 866 1462 926 credendum
1493 875 1541 926 est
1573 869 1626 944 ligi

292 971 429 1047 potuisse
449 970 488 1026 ab
514 969 762 1046 empturientibus
791 969 836 1025 eis
862 967 948 1038 locis,
974 967 1026 1026 ubi
1047 975 1169 1044 puteum
1190 967 1390 1026 effodiendum
1410 970 1625 1046 suscipiebant,

293 1073 421 1131 sortasse
436 1071 608 1131 nominibus
622 1073 757 1148 ipsorum
776 1071 930 1148 inscripta.
972 1069 1041 1128 Hoc
1055 1077 1154 1129 antem
1169 1073 1372 1131 necessarium
1387 1072 1503 1130 videtur
1519 1073 1627 1145 luisse,

294 1195 331 1233 ne
357 1175 542 1233 diversorum
570 1175 759 1232 dominorum
783 1183 1017 1248 patronorumve
1042 1191 1151 1250 operae
1178 1173 1209 1232 in
1230 1175 1329 1251 puteis
1350 1175 1527 1233 incohandis
1550 1175 1628 1234 alter

294 1277 381 1336 alteri
401 1277 563 1335 officerent.
607 1276 739 1334 Pittacia
759 1285 859 1333 antem
881 1276 934 1333 illa
948 1275 1113 1351 putandum
1132 1285 1180 1335 est
1198 1277 1301 1353 aliqua
1321 1278 1437 1335 ratione
1450 1278 1630 1336 conductori

294 1379 426 1438 indicata
453 1380 490 1436 ab
512 1397 607 1454 eoque
628 1385 711 1436 certa
731 1379 876 1453 pensione
898 1385 1021 1454 accepta
1046 1389 1099 1436 ant
1124 1397 1179 1454 pro
1208 1380 1308 1454 puteis
1330 1389 1382 1438 aut
1403 1397 1457 1456 pro
1479 1381 1629 1457 operariis

294 1482 422 1560 siugulis
444 1483 474 1539 in
489 1481 621 1540 codicem
644 1481 738 1538 relata
751 1498 830 1552 esse,
852 1489 885 1538 ut
904 1481 956 1556 qui
978 1480 1108 1558 professi
1129 1489 1231 1540 essent
1250 1481 1470 1559 solvisseutque
1485 1501 1520 1540 eo
1538 1482 1631 1540 modo

294 1585 342 1642 ius
368 1585 450 1662 putei
477 1583 637 1642 effodiendi
665 1584 837 1640 retinerent.
880 1583 928 1640 Ita
955 1583 1083 1660 vectigal
1110 1583 1183 1641 illud
1212 1583 1413 1660 pittaciarium
1435 1584 1495 1642 dici
1520 1585 1633 1660 potnit.

294 1686 364 1745 Non
391 1687 456 1746 sine
484 1687 668 1744 dubitatione
695 1695 794 1744 autern
815 1687 889 1746 haec
910 1685 1097 1744 Mommseno
1119 1686 1310 1762 potissimum
1331 1695 1453 1744 auctore
1474 1705 1634 1763 propono;

295 1789 462 1866 probabilia
483 1799 582 1847 muron
604 1797 686 1865 puto,
713 1805 886 1864 quanquam
908 1807 975 1846 cnm
998 1789 1076 1846 aeris
1099 1789 1246 1866 scriptura
1266 1789 1315 1847 hic
1340 1790 1379 1847 ad
1405 1791 1494 1850 finem
1521 1808 1634 1866 perve-

295 1893 367 1964 niat‚'
390 1891 570 1951 coniecturis
592 1891 672 1949 ultro
693 1890 848 1968 indulgere
871 1909 943 1950 sane
965 1892 1142 1951 temeritatis
1165 1909 1231 1950 esse
1253 1892 1399 1951 videatur.

379 2339 463 2398 Haec
491 2338 553 2397 lere
583 2345 662 2408 sunt,
696 2357 773 2414 quac
806 2337 843 2396 de
873 2339 1001 2417 singulis
1033 2339 1110 2415 legis
1143 2339 1294 2417 capitibus
1324 2339 1495 2400 adnotaffia
1529 2341 1639 2400 habui.

298 2441 402 2520 Siquis
430 2460 507 2518 quae
532 2441 601 2498 inde
628 2439 770 2498 discimus
798 2459 878 2499 nova
902 2460 963 2499 non
993 2460 1088 2517 pauca
1119 2441 1150 2500 in
1183 2443 1354 2501 universum
1384 2443 1640 2516 consideraverit,

297 2563 376 2602 nova
397 2545 427 2602 in
449 2544 554 2620 primis
576 2552 646 2600 sunt
668 2561 746 2618 quae
768 2543 805 2600 de
826 2542 1014 2601 metallorum
1037 2544 1211 2602 condicione
1233 2555 1262 2602 et
1283 2545 1545 2604 administratione
1568 2547 1640 2603 uni-

299 2665 385 2706 versa
404 2645 472 2704 inde
491 2647 647 2704 desumere
668 2645 746 2704 licet.
784 2645 833 2702 Ad
854 2645 1023 2721 exemplum
1042 2664 1061 2702 a
1075 2647 1159 2724 regni
1175 2648 1354 2724 Aegyptiaci
1368 2647 1639 2707 administratione

298 2751 422 2825 petitum
436 2767 495 2808 nou
512 2767 607 2824 pauca
629 2747 695 2805 eius
717 2748 835 2823 generis
857 2748 995 2806 instituta
1017 2765 1086 2806 esse
1108 2749 1281 2807 observavit
1301 2748 1638 2826 Hirschfeldins¹).

299 2853 416 2912 Deinde
443 2851 618 2909 mirabimur
645 2851 676 2907 in
697 2849 886 2907 metallorum
908 2850 1028 2908 illorum
1051 2851 1308 2910 administratione
1331 2852 1389 2910 iam
1411 2852 1569 2910 Romanos
1594 2855 1640 2912 si·

299 2954 382 3014 milia
396 2953 457 3012 sere
472 2963 591 3012 secutos
613 2970 690 3025 esse,
712 2969 789 3028 quae
810 2952 906 3010 multa
926 2961 996 3030 post
1019 2954 1141 3013 saecula
1161 2953 1218 3012 hac
1240 2954 1358 3012 demum
1380 2960 1476 3013 aetate
1498 2954 1638 3014 vidimus

299 3057 485 3116 reviviscere.
508 3054 551 3114 Ut
565 3075 581 3113 e
597 3054 726 3114 metallis
741 3056 814 3113 fisco
828 3053 1039 3132 imperatorive
1053 3056 1175 3127 reditus,
1191 3074 1267 3132 quos
1283 3056 1409 3132 perduc
1424 3058 1528 3134 priora
1543 3076 1639 3118 aerae

298 3171 418 3218 nostrae
441 3157 561 3218 saecula
582 3159 716 3234 ingentes
734 3157 829 3216 fuisse
845 3165 959 3216 certum
975 3167 1029 3230 est,
1052 3177 1141 3234 quam
1156 3159 1281 3217 maximi
1303 3171 1405 3217 essent
1418 3159 1639 3237 Hispaniaque

298 3263 489 3340 potissimum
511 3269 643 3319 maneret
664 3260 783 3335 qualem
805 3260 865 3318 ium
887 3260 1114 3338 praedicaverat
1135 3261 1360 3320 Posidonius
1383 3264 1503 3330 ταμιεῖον
1525 3259 1637 3338 ipsae·

301 3357 360 3422 νίας
381 3354 560 3420 civiatamrcv
588 3359 711 3437 (Strabo
733 3362 782 3420 Ill
799 3361 827 3434 2,
843 3362 886 3438 9),
920 3381 1079 3438 operarum
1111 3363 1142 3421 iu
1178 3363 1254 3422 locis
1288 3363 1414 3422 desertis
1447 3372 1477 3421 et
1508 3365 1639 3424 incultis

300 3465 468 3542 degentium
496 3465 558 3522 vita
585 3473 615 3522 et
640 3465 738 3523 victus
767 3465 970 3524 sublevandus
998 3466 1116 3542 ipsique
1138 3485 1157 3522 a
1182 3467 1401 3544 negotiatorum
1430 3465 1639 3543 opificumque

299 3567 527 3644 iniuriis'quam
550 3567 680 3625 maxime
702 3566 871 3625 vindicandi
893 3567 951 3624 visi
979 3577 1058 3626 sunt.
1102 3567 1268 3646 Propterea
1294 3589 1330 3626 ue
1352 3588 1371 3626 a
1391 3568 1517 3644 privatis
1541 3587 1639 3646 nego-

301 3671 456 3730 tiatoribus
485 3688 562 3745 quae
591 3669 629 3726 ad
658 3671 768 3727 victum
799 3669 1006 3728 desiderantur
1032 3689 1130 3729 emere
1157 3677 1333 3748 cogerentur
1354 3671 1456 3746 qualia
1477 3670 1524 3728 illi
1547 3689 1640 3746 prae-

301 3783 380 3832 stare
403 3773 570 3830 voluissent
592 3772 759 3847 quibusque
787 3772 902 3846 pretiis,
926 3772 1156 3832 conductoribus
1185 3793 1219 3832 ea
1241 3773 1423 3850 praestanda
1443 3773 1640 3846 locabantur,
1675 3779 1678 3788 ⁴

301 3885 334 3933 ut
352 3877 425 3934 fisco
448 3875 516 3932 inde
537 3875 653 3932 lucrum
675 3872 855 3932 redundaret
875 3873 1070 3950 hominesque
1086 3877 1256 3934 necessaria
1277 3883 1357 3934 recte
1375 3877 1545 3952 acciperent
1566 3897 1640 3953 pre-

301 3979 408 4054 tiisque
432 3977 602 4035 moderatis.
646 3975 813 4052 Propterea
839 3995 955 4035 summa
976 3996 1048 4035 cura
1074 3978 1179 4054 nequis
1202 3978 1280 4036 alius
1302 3979 1424 4054 negotia
1445 3978 1640 4038 conductori-

301 4082 356 4138 bus
382 4087 538 4139 reservata
564 4079 622 4136 sibi
645 4085 775 4136 sumeret
801 4079 962 4137 cavebatur
988 4080 1019 4136 in
1046 4098 1159 4156 eosque
1186 4085 1236 4156 qui
1265 4079 1408 4139 adversus
1435 4099 1471 4138 ea
1499 4079 1641 4140 facerent

301 4201 497 4260 magnacum
521 4181 679 4239 severitate
701 4181 999 4240 animadvertebatur.

384 4283 514 4342 Ratione
541 4283 701 4341 admodum
730 4283 820 4341 simili
847 4285 897 4360 qui
924 4284 955 4342 in
977 4283 1135 4342 Britannia
1156 4286 1348 4360 potissimum
1370 4285 1452 4343 etin
1474 4286 1640 4346 confoede-

303 4385 427 4444 rationis
447 4387 644 4443 Amerioanae
670 4384 840 4443 civitatibus
862 4405 916 4462 per
937 4385 1004 4444 loca
1025 4387 1141 4445 inculta
1165 4388 1230 4445 vias
1253 4388 1366 4447 ferreas
1388 4387 1539 4445 ducendas
1560 4390 1641 4448 alia-

302 4509 359 4565 que
380 4507 472 4564 opera
493 4487 629 4562 publicae
652 4486 789 4544 utilitatis
812 4488 993 4562 perficienda
1015 4489 1177 4547 autetiam
1199 4491 1321 4548 metalla
1343 4489 1512 4548 exercenda
1534 4509 1641 4550 susce-

301 4597 418 4669 perunt,
446 4589 545 4666 operis
573 4590 610 4647 ad
638 4607 690 4647 eos
724 4589 843 4647 labores
870 4589 1040 4648 tolerandos
1069 4591 1223 4649 conductis
1251 4600 1280 4649 et
1307 4613 1323 4649 e
1350 4591 1514 4670 longinquo
1544 4611 1641 4671 saepe

302 4693 453 4752 arcessitis
477 4693 642 4750 mercedem
664 4691 822 4749 noluerunt
844 4692 971 4768 pecunia
993 4693 1119 4764 solvere,
1148 4711 1207 4768 qua
1229 4694 1267 4750 ad
1289 4695 1400 4752 victum
1422 4696 1600 4753 necessaria
1622 4717 1641 4756 a

303 4795 537 4872 negotiatoribus
559 4793 685 4868 privatis
702 4793 834 4851 maximo
856 4813 922 4850 curu
944 4795 1133 4853 incommodo
1153 4796 1322 4872 damnoque
1343 4797 1402 4872 ipsi
1424 4797 1553 4872 operarii
1579 4797 1641 4855 sihi

303 4905 456 4972 pararent,
491 4896 545 4954 sed
574 4895 683 4954 victum
710 4895 809 4972 ipsum
836 4896 1009 4972 reliquaque
1036 4898 1207 4956 necessaria
1232 4899 1432 4974 praebuerunt
1457 4918 1512 4975 pro
1543 4900 1639 4958 certis

303 5057 505 5066 ψ·-

382 5188 404 5250 l)
447 5187 665 5256 Uatersuchuuqen
686 5206 709 5240 u.
724 5207 744 5240 s.
758 5206 789 5240 w.
813 5194 826 5240 1
849 5207 874 5256 p.
889 5192 942 5242 284
961 5192 1021 5243 adn.
1045 5194 1068 5242 1.
