3488 5828
293 1455 376 1566 on
404 1453 748 1567 soolmuvs
776 1401 856 1566 ui
882 1451 1283 1566 animusve·

544 1620 1032 1735 tutissimus.

709 1857 862 1866 μ--ι--ι--ι

493 2087 529 2179 Ι.
587 2086 674 2180 DE
704 2084 1078 2181 SODALIBVS.

118 2206 293 2374 Collegia
315 2297 513 2357 sacerdotalia
540 2297 570 2354 in
597 2297 740 2355 honorem
764 2296 900 2356 divorum
923 2298 1137 2374 imperatorum
1159 2297 1360 2356 constituendi
1382 2313 1448 2354 mos

113 2401 235 2458 initium
264 2401 342 2478 cepit
370 2420 389 2459 a
418 2397 559 2460 Caesaris
590 2401 720 2476 Augusti
753 2409 850 2458 morte
881 2406 912 2458 et
939 2401 1178 2471 consecratione;
1211 2419 1280 2458 nam
1310 2398 1448 2458 dictatori

104 2499 246 2560 Caesari
273 2503 324 2579 qui
350 2503 463 2579 primus
491 2511 561 2580 post
581 2502 744 2561 Romulum
768 2521 807 2561 ex
835 2502 986 2560 hominum
1008 2521 1116 2579 genere
1137 2501 1215 2561 inter
1236 2502 1322 2561 divos
1345 2501 1448 2578 populi

114 2603 248 2662 Romani
268 2605 380 2663 relatus
403 2613 450 2663 est
464 2604 634 2682 collegium,
647 2603 834 2664 sacerdotum
857 2614 981 2663 nonest
1002 2604 1213 2675 constitutum3
1235 2621 1314 2662 anno
1329 2603 1447 2661 demum

113 2725 147 2782 p.
164 2704 199 2764 Ο.
218 2707 256 2764 14
278 2705 309 2764 in
331 2707 392 2764 divi
407 2707 536 2783 Augusti
559 2709 703 2766 honorem
725 2707 838 2764 sodales
856 2706 1031 2782 Augustales
1054 2714 1123 2764 sunt
1145 2705 1308 2764 constituti.
1353 2703 1447 2765 Soda-

1 2854 8 2862 .
112 2808 163 2866 les
185 2807 284 2867 Titios
308 2829 374 2867 eum
396 2814 447 2885 qui
470 2810 655 2886 Augustales
678 2809 833 2868 constituit
854 2816 884 2866 et
905 2807 1055 2865 ordinavit
1069 2841 1107 2849 —
1124 2807 1187 2866 sive
1207 2806 1348 2866 Tiberius
1370 2804 1445 2866 Cae·

113 2928 168 2969 sar
193 2912 220 2968 is
249 2911 307 2968 fuit
335 2912 398 2969 sive
425 2911 490 2987 ipse
517 2911 605 2970 divus
633 2912 789 2987 Augustus
817 2911 891 2968 haec
919 2910 963 2968 ita
988 2910 1052 2968 fieri
1079 2909 1229 2968 voluit—
1246 2917 1314 2966 ante
1341 2909 1446 2966 oculos

111 3012 259 3072 habuisse
285 3023 315 3071 et
343 3013 379 3071 ad
407 3012 557 3072 Titiorum
590 3013 814 3071 similitudinem
842 3011 1026 3089 Augustales
1057 3029 1125 3071 esse
1150 3012 1329 3070 constitutos
1357 3019 1387 3068 et
1412 3029 1448 3068 ex

111 3115 184 3190 ipso
212 3115 356 3173 sodalium
377 3116 591 3192 Augustalium
618 3116 737 3174 nomine
765 3125 890 3192 apparet
916 3123 946 3174 et
967 3115 1078 3174 diserte
1104 3133 1123 3172 a
1145 3113 1285 3189 Tacit01)
1308 3111 1447 3185 traditum

112 3226 150 3275 ut
170 3217 247 3275 enim
271 3217 389 3277 sodales
411 3217 512 3276 Titios
535 3219 599 3277 sive
618 3217 655 3275 Τ.
672 3217 780 3275 Tatius
803 3237 857 3275 rex
880 3216 943 3276 sive
965 3223 1035 3293 post
1057 3215 1138 3274 Tatii
1160 3223 1285 3275 mortem
1300 3214 1448 3274 Romulus

111 3318 198 3393 (nam
221 3319 257 3378 de
276 3320 332 3378 hac
353 3338 385 3377 re
400 3319 572 3397 discrepant
593 3321 670 3378 inter
692 3337 725 3378 se
747 3319 806 3377 duo
829 3319 928 3377 Taciti
951 3319 1136 3393 testimonia)
1144 3315 1169 3394 ²)
1190 3319 1344 3378 redamatio
1362 3317 1448 3378 Sabi·

111 3439 217 3479 norum
239 3425 340 3494 sacris,
369 3433 403 3479 ut
428 3422 502 3498 ipsis
526 3421 625 3480 Taciti
652 3423 751 3482 verbis
779 3431 855 3494 utar,
882 3421 1021 3495 instituit,
1048 3421 1092 3478 ita
1119 3421 1239 3480 sodales
1261 3421 1447 3497 Augustales

111 3542 177 3582 non
198 3524 297 3600 ipsum
319 3523 420 3582 divum
435 3525 606 3600 Augustum
629 3525 727 3582 colere
751 3525 833 3598 (huic
855 3523 932 3582 enim
955 3524 998 3580 rei
1020 3523 1174 3599 proprium
1197 3523 1383 3582 sacerdotem
1397 3523 1447 3581 de·

111 3625 258 3685 stinctum
282 3625 377 3684 fuisse
400 3625 479 3683 infru
500 3626 689 3702 videbimus),
713 3625 764 3684 sed
788 3643 874 3684 sacra
895 3626 993 3700 gentis
1015 3625 1112 3684 Iuliae
1132 3634 1203 3701 post
1216 3625 1346 3702 Augusti
1368 3643 1447 3682 mor-

109 3737 173 3786 tem
202 3727 319 3804 publiee
349 3737 490 3804 suscepta
516 3745 621 3786 curare
650 3727 724 3786 iussi
755 3736 831 3786 sunt.
876 3727 980 3786 Testis
1012 3737 1058 3785 est
1085 3729 1121 3785 de
1147 3729 1203 3785 hae
1228 3745 1260 3784 re
1287 3725 1445 3801 Tacitusl)

104 3833 267 3907 proprium
282 3833 341 3888 eiua
356 3829 481 3906 (Iuliae)
501 3831 599 3890 damus
614 3831 805 3889 sacerdotium
825 3829 946 3888 sodales
961 3829 1142 3907 Augustales
1165 3828 1331 3904 appellans,
1353 3835 1445 3885 testes

109 3939 185 3990 sunt
205 3911 274 3990 lasti
297 3933 509 4008 magistrorum
532 3933 680 3992 sodalium
695 3930 939 4008 Augustalium4)
956 3931 1091 4002 Bovillis,
1114 3931 1165 3988 ubi
1187 3930 1352 4006 antiquitus
1375 3946 1446 4005 geu-

109 4033 184 4091 tiles
206 4033 277 4092 Iulii
299 4051 385 4092 sacra
406 4034 596 4111 faciebant⁵)‚
619 4035 738 4110 reperti.

192 4308 214 4372 ¹)
254 4311 324 4362 Anu.
341 4315 364 4374 1,
381 4315 428 4364 54:
453 4311 518 4364 idem
537 4330 618 4365 cartus
637 4313 672 4379 (p.
694 4313 723 4364 Ο.
746 4313 790 4375 14)
810 4328 890 4363 nouas
909 4313 1076 4364 caerimonias
1095 4313 1193 4380 accepit
1212 4310 1300 4362 addito
1321 4309 1446 4362 sodalium

89 4401 294 4478 ⁴Augustalium
313 4404 464 4468 sacerdotio,
493 4413 522 4456 ut
540 4405 665 4474 quondam
689 4404 717 4456 T.
742 4405 766 4455 T
764 4407 831 4456 atius
849 4404 987 4456 retinendis
1006 4403 1157 4455 Salinarum
1176 4406 1259 4456 sacris
1276 4403 1378 4455 sodales
1402 4403 1444 4453 Tt-

108 4497 164 4546 tioa
181 4497 332 4546 irestitucrat.
370 4498 436 4548 Hist.
452 4501 476 4560 2,
493 4497 540 4548 95:
565 4498 761 4564 Augustales..
778 4535 805 4559 .,
826 4497 893 4566 quod
911 4497 1077 4548 sacerdotium
1096 4504 1123 4547 ut
1142 4497 1262 4548 Romulus
1285 4495 1360 4547 Tatio
1378 4497 1442 4562 regi,

104 4585 151 4637 {ta
173 4585 269 4637 Caesar
287 4586 403 4638 Tibe-rius
415 4588 500 4640 Iuliae
512 4593 581 4657 yeuti
593 4593 715 4642 sacravit.
755 4591 878 4652 Quamvis
898 4597 1017 4656 corrupta
1036 4591 1088 4640 sint
1107 4591 1184 4640 verba
1203 4605 1286 4656 neque
1306 4591 1338 4640 ds
1358 4605 1444 4639 eman-

104 4680 218 4730 dationc
238 4687 345 4742 constet,
371 4689 456 4732 tamen
482 4699 534 4733 uon
560 4685 701 4749 adstipuler
719 4683 887 4748 Nipperdeyo
913 4683 1037 4733 additieia
1061 4699 1093 4733 aa
1113 4699 1168 4734 essa
1192 4691 1268 4748 atque
1288 4698 1302 4731 e
1321 4688 1443 4732 contextu

102 4773 243 4838 scriptoris
257 4775 414 4824 removenda
427 4776 555 4840 censenti;
575 4791 635 4826 nam
649 4791 701 4825 non
715 4791 746 4824 ea
758 4782 797 4824 est
810 4776 938 4825 sententia
950 4790 1016 4841 quae
1029 4776 1061 4826 ab
1076 4776 1260 4841 interpolatore
1272 4775 1389 4840 prolecta
1401 4775 1442 4822 sit.

188 4862 212 4926 ²)
252 4865 325 4926 Quae
350 4867 522 4932 discrepantia
546 4883 598 4918 non
624 4868 706 4933 magis
730 4868 795 4918 mira
820 4875 859 4918 cst
883 4883 960 4932 quam
985 4868 1054 4933 quod
1073 4881 1198 4932 augurum
1220 4868 1346 4918 institutio
1365 4866 1443 4916 modo

100 4957 224 5012 Romulo
243 4957 322 5007 modo
342 4959 444 5010 Numae
463 4959 590 5010 nituitur.

188 5046 212 5110 ³)
252 5051 322 5100 Anu.
336 5052 361 5112 3,
377 5051 421 5101 64.

187 5139 212 5202 ⁴)
253 5140 282 5191 0.
297 5143 318 5192 1.
331 5143 361 5193 L.
375 5142 422 5206 VI,
440 5143 517 5196 1987.

188 5231 212 5293 ⁵)
252 5233 281 5284 C.
295 5235 318 5285 1.
331 5236 361 5285 L.
377 5235 399 5296 1,
415 5235 476 5286 807.
516 5236 555 5288 Ol.
571 5237 633 5288 Tac.
649 5251 709 5288 ann.
724 5238 749 5298 2,
764 5238 808 5288 41.
830 5237 873 5299 15,
889 5238 932 5288 23.
