<?xml version="1.0" encoding="UTF-8"?>
<!DOCTYPE html PUBLIC "-//W3C//DTD XHTML 1.0 Transitional//EN"
    "http://www.w3.org/TR/xhtml1/DTD/xhtml1-transitional.dtd">
<html xmlns="http://www.w3.org/1999/xhtml" xml:lang="en" lang="en">
 <head>
  <title>
</title>
<meta http-equiv="Content-Type" content="text/html;charset=utf-8" />
  <meta name='ocr-system' content='tesseract 3.04.00' />
  <meta name='ocr-capabilities' content='ocr_page ocr_carea ocr_par ocr_line ocrx_word'/>
</head>
<body>
  <div class='ocr_page' id='page_1' title='image "./ephemerisepigra02henzgoog_0212.png"; bbox 0 0 3488 5828; ppageno 0'>
   <div class='ocr_carea' id='block_1_1' title="bbox 493 529 1419 597">
    <p class='ocr_par' dir='ltr' id='par_1_1' title="bbox 493 529 1419 597">
     <span class='ocr_line' id='line_1_1' title="bbox 493 529 1419 597; baseline 0.002 -3"><span class='ocrx_word' id='word_1_1' title='bbox 493 545 567 594; x_wconf 61' lang='lat' dir='ltr'><strong>unx,</strong></span> <span class='ocrx_word' id='word_1_2' title='bbox 595 545 760 594; x_wconf 78' lang='lat' dir='ltr'><strong>unrnmn</strong></span> <span class='ocrx_word' id='word_1_3' title='bbox 788 544 1037 596; x_wconf 79' lang='lat' dir='ltr'><strong>vrrnscnusrs.</strong></span> <span class='ocrx_word' id='word_1_4' title='bbox 1351 529 1419 597; x_wconf 85' lang='grc'><strong>189</strong></span> 
     </span>
    </p>
   </div>
   <div class='ocr_carea' id='block_1_2' title="bbox 91 717 1431 2638">
    <p class='ocr_par' dir='ltr' id='par_1_2' title="bbox 91 717 1424 1102">
     <span class='ocr_line' id='line_1_2' title="bbox 92 717 1423 798; baseline 0.005 -24"><span class='ocrx_word' id='word_1_5' title='bbox 92 718 190 775; x_wconf 87' lang='lat' dir='ltr'><strong>laniae</strong></span> <span class='ocrx_word' id='word_1_6' title='bbox 213 717 404 796; x_wconf 82' lang='lat' dir='ltr'><strong>municipiiue</strong></span> <span class='ocrx_word' id='word_1_7' title='bbox 428 738 481 776; x_wconf 90' lang='lat' dir='ltr'><strong>nec</strong></span> <span class='ocrx_word' id='word_1_8' title='bbox 509 719 568 777; x_wconf 91' lang='lat' dir='ltr'><strong>nisi</strong></span> <span class='ocrx_word' id='word_1_9' title='bbox 591 721 686 777; x_wconf 90' lang='lat' dir='ltr'><strong>abusu</strong></span> <span class='ocrx_word' id='word_1_10' title='bbox 713 718 751 776; x_wconf 88' lang='lat' dir='ltr'><strong>ad</strong></span> <span class='ocrx_word' id='word_1_11' title='bbox 774 717 920 777; x_wconf 91' lang='lat' dir='ltr'><strong>eiusmodi</strong></span> <span class='ocrx_word' id='word_1_12' title='bbox 944 719 1125 778; x_wconf 78' lang='lat' dir='ltr'><strong>territorium</strong></span> <span class='ocrx_word' id='word_1_13' title='bbox 1147 720 1282 778; x_wconf 81' lang='lat' dir='ltr'><strong>retertur.</strong></span> <span class='ocrx_word' id='word_1_14' title='bbox 1327 721 1423 798; x_wconf 87' lang='lat' dir='ltr'><strong>Magis</strong></span> 
     </span>
     <span class='ocr_line' id='line_1_3' title="bbox 92 820 1424 898; baseline 0.002 -19"><span class='ocrx_word' id='word_1_15' title='bbox 92 820 269 879; x_wconf 81' lang='lat' dir='ltr'><strong>crediderim</strong></span> <span class='ocrx_word' id='word_1_16' title='bbox 292 821 339 880; x_wconf 90' lang='lat' dir='ltr'><strong>bis</strong></span> <span class='ocrx_word' id='word_1_17' title='bbox 362 821 494 898; x_wconf 90' lang='lat' dir='ltr'><strong>praediis</strong></span> <span class='ocrx_word' id='word_1_18' title='bbox 510 821 665 898; x_wconf 90' lang='lat' dir='ltr'><strong>proprium</strong></span> <span class='ocrx_word' id='word_1_19' title='bbox 688 839 755 879; x_wconf 88' lang='lat' dir='ltr'><strong>esse</strong></span> <span class='ocrx_word' id='word_1_20' title='bbox 778 821 873 880; x_wconf 90' lang='lat' dir='ltr'><strong>saltus</strong></span> <span class='ocrx_word' id='word_1_21' title='bbox 889 822 1077 880; x_wconf 85' lang='lat' dir='ltr'><strong>vocabulum.</strong></span> <span class='ocrx_word' id='word_1_22' title='bbox 1120 820 1180 882; x_wconf 88' lang='lat' dir='ltr'><strong>Sed</strong></span> <span class='ocrx_word' id='word_1_23' title='bbox 1195 824 1335 882; x_wconf 88' lang='lat' dir='ltr'><strong>universa</strong></span> <span class='ocrx_word' id='word_1_24' title='bbox 1350 824 1424 882; x_wconf 88' lang='lat' dir='ltr'><strong>haec</strong></span> 
     </span>
     <span class='ocr_line' id='line_1_4' title="bbox 91 923 1423 1001; baseline 0.002 -21"><span class='ocrx_word' id='word_1_25' title='bbox 91 923 228 998; x_wconf 76' lang='lat' dir='ltr'><strong>quaestio</strong></span> <span class='ocrx_word' id='word_1_26' title='bbox 255 932 288 982; x_wconf 92' lang='lat' dir='ltr'><strong>ut</strong></span> <span class='ocrx_word' id='word_1_27' title='bbox 314 923 374 981; x_wconf 90' lang='lat' dir='ltr'><strong>late</strong></span> <span class='ocrx_word' id='word_1_28' title='bbox 401 932 484 1000; x_wconf 90' lang='lat' dir='ltr'><strong>patet</strong></span> <span class='ocrx_word' id='word_1_29' title='bbox 511 933 540 982; x_wconf 93' lang='lat' dir='ltr'><strong>et</strong></span> <span class='ocrx_word' id='word_1_30' title='bbox 568 923 658 999; x_wconf 90' lang='lat' dir='ltr'><strong>digna</strong></span> <span class='ocrx_word' id='word_1_31' title='bbox 686 933 732 981; x_wconf 91' lang='lat' dir='ltr'><strong>est</strong></span> <span class='ocrx_word' id='word_1_32' title='bbox 759 924 862 981; x_wconf 90' lang='lat' dir='ltr'><strong>subtili</strong></span> <span class='ocrx_word' id='word_1_33' title='bbox 884 923 1089 1001; x_wconf 79' lang='lat' dir='ltr'>indagatione,</span> <span class='ocrx_word' id='word_1_34' title='bbox 1112 925 1155 984; x_wconf 90' lang='lat' dir='ltr'><strong>ita</strong></span> <span class='ocrx_word' id='word_1_35' title='bbox 1174 925 1231 984; x_wconf 92' lang='lat' dir='ltr'><strong>hoc</strong></span> <span class='ocrx_word' id='word_1_36' title='bbox 1254 925 1320 984; x_wconf 89' lang='lat' dir='ltr'><strong>loeo</strong></span> <span class='ocrx_word' id='word_1_37' title='bbox 1342 927 1423 984; x_wconf 90' lang='lat' dir='ltr'><strong>nullo</strong></span> 
     </span>
     <span class='ocr_line' id='line_1_5' title="bbox 93 1025 1398 1102; baseline 0 -18"><span class='ocrx_word' id='word_1_38' title='bbox 93 1025 182 1084; x_wconf 92' lang='lat' dir='ltr'><strong>modo</strong></span> <span class='ocrx_word' id='word_1_39' title='bbox 205 1026 321 1084; x_wconf 84' lang='lat' dir='ltr'><strong>absolvi</strong></span> <span class='ocrx_word' id='word_1_40' title='bbox 344 1035 453 1100; x_wconf 87' lang='lat' dir='ltr'><strong>potest,</strong></span> <span class='ocrx_word' id='word_1_41' title='bbox 476 1026 647 1101; x_wconf 85' lang='lat' dir='ltr'><strong>sufficitque</strong></span> <span class='ocrx_word' id='word_1_42' title='bbox 670 1045 735 1084; x_wconf 91' lang='lat' dir='ltr'><strong>eam</strong></span> <span class='ocrx_word' id='word_1_43' title='bbox 759 1026 963 1102; x_wconf 77' lang='lat' dir='ltr'>proposuisse.</span> <span class='ocrx_word' id='word_1_44' title='bbox 1395 1031 1398 1036; x_wconf 84' lang='grc'><strong>“</strong></span> 
     </span>
    </p>

    <p class='ocr_par' dir='ltr' id='par_1_3' title="bbox 92 1127 1425 1512">
     <span class='ocr_line' id='line_1_6' title="bbox 176 1127 1424 1206; baseline 0.004 -22"><span class='ocrx_word' id='word_1_45' title='bbox 176 1129 280 1204; x_wconf 91' lang='lat' dir='ltr'><strong>Itaque</strong></span> <span class='ocrx_word' id='word_1_46' title='bbox 302 1137 437 1187; x_wconf 89' lang='lat' dir='ltr'><strong>tenemus</strong></span> <span class='ocrx_word' id='word_1_47' title='bbox 459 1128 555 1206; x_wconf 85' lang='lat' dir='ltr'><strong>legem</strong></span> <span class='ocrx_word' id='word_1_48' title='bbox 574 1129 695 1186; x_wconf 88' lang='lat' dir='ltr'><strong>metallo</strong></span> <span class='ocrx_word' id='word_1_49' title='bbox 712 1127 890 1203; x_wconf 88' lang='lat' dir='ltr'><strong>Vipascensi</strong></span> <span class='ocrx_word' id='word_1_50' title='bbox 913 1129 1021 1186; x_wconf 87' lang='lat' dir='ltr'><strong>dictam</strong></span> <span class='ocrx_word' id='word_1_51' title='bbox 1044 1129 1082 1186; x_wconf 91' lang='lat' dir='ltr'><strong>ab</strong></span> <span class='ocrx_word' id='word_1_52' title='bbox 1103 1129 1284 1206; x_wconf 82' lang='lat' dir='ltr'><strong>imperatore</strong></span> <span class='ocrx_word' id='word_1_53' title='bbox 1306 1131 1424 1189; x_wconf 91' lang='lat' dir='ltr'><strong>eodem-</strong></span> 
     </span>
     <span class='ocr_line' id='line_1_7' title="bbox 93 1230 1425 1309; baseline 0.002 -21"><span class='ocrx_word' id='word_1_54' title='bbox 93 1248 150 1305; x_wconf 92' lang='lat' dir='ltr'><strong>que</strong></span> <span class='ocrx_word' id='word_1_55' title='bbox 173 1231 304 1302; x_wconf 88' lang='lat' dir='ltr'><strong>domino,</strong></span> <span class='ocrx_word' id='word_1_56' title='bbox 332 1248 392 1305; x_wconf 90' lang='lat' dir='ltr'><strong>qna</strong></span> <span class='ocrx_word' id='word_1_57' title='bbox 417 1231 567 1307; x_wconf 85' lang='lat' dir='ltr'><strong>legatam</strong></span> <span class='ocrx_word' id='word_1_58' title='bbox 590 1249 638 1289; x_wconf 91' lang='lat' dir='ltr'><strong>res</strong></span> <span class='ocrx_word' id='word_1_59' title='bbox 662 1230 831 1288; x_wconf 83' lang='lat' dir='ltr'><strong>metallaria</strong></span> <span class='ocrx_word' id='word_1_60' title='bbox 852 1249 941 1307; x_wconf 90' lang='lat' dir='ltr'><strong>quam</strong></span> <span class='ocrx_word' id='word_1_61' title='bbox 968 1231 1000 1288; x_wconf 91' lang='lat' dir='ltr'><strong>in</strong></span> <span class='ocrx_word' id='word_1_62' title='bbox 1022 1231 1194 1290; x_wconf 89' lang='lat' dir='ltr'><strong>universum</strong></span> <span class='ocrx_word' id='word_1_63' title='bbox 1216 1233 1360 1309; x_wconf 91' lang='lat' dir='ltr'><strong>quidquid</strong></span> <span class='ocrx_word' id='word_1_64' title='bbox 1387 1234 1425 1292; x_wconf 96' lang='lat' dir='ltr'><strong>ad</strong></span> 
     </span>
     <span class='ocr_line' id='line_1_8' title="bbox 92 1332 1425 1411; baseline 0.001 -21"><span class='ocrx_word' id='word_1_65' title='bbox 92 1333 245 1408; x_wconf 87' lang='lat' dir='ltr'><strong>regionem</strong></span> <span class='ocrx_word' id='word_1_66' title='bbox 273 1332 467 1390; x_wconf 81' lang='lat' dir='ltr'><strong>ordinandam</strong></span> <span class='ocrx_word' id='word_1_67' title='bbox 494 1333 660 1409; x_wconf 82' lang='lat' dir='ltr'><strong>pertinebat</strong></span> <span class='ocrx_word' id='word_1_68' title='bbox 688 1333 826 1390; x_wconf 88' lang='lat' dir='ltr'><strong>similiter</strong></span> <span class='ocrx_word' id='word_1_69' title='bbox 854 1333 1057 1404; x_wconf 85' lang='lat' dir='ltr'><strong>ordinabatur,</strong></span> <span class='ocrx_word' id='word_1_70' title='bbox 1084 1343 1116 1390; x_wconf 88' lang='lat' dir='ltr'><strong>ut</strong></span> <span class='ocrx_word' id='word_1_71' title='bbox 1141 1352 1190 1392; x_wconf 89' lang='lat' dir='ltr'><strong>res</strong></span> <span class='ocrx_word' id='word_1_72' title='bbox 1221 1335 1357 1411; x_wconf 86' lang='lat' dir='ltr'><strong>publicae</strong></span> <span class='ocrx_word' id='word_1_73' title='bbox 1379 1353 1425 1392; x_wconf 91' lang='lat' dir='ltr'><strong>or·</strong></span> 
     </span>
     <span class='ocr_line' id='line_1_9' title="bbox 94 1433 899 1512; baseline 0.001 -21"><span class='ocrx_word' id='word_1_74' title='bbox 94 1433 235 1493; x_wconf 91' lang='lat' dir='ltr'><strong>dinautur</strong></span> <span class='ocrx_word' id='word_1_75' title='bbox 256 1435 372 1510; x_wconf 85' lang='lat' dir='ltr'><strong>legibus</strong></span> <span class='ocrx_word' id='word_1_76' title='bbox 395 1435 578 1493; x_wconf 89' lang='lat' dir='ltr'><strong>coloniarum</strong></span> <span class='ocrx_word' id='word_1_77' title='bbox 602 1435 899 1512; x_wconf 82' lang='lat' dir='ltr'><strong>municipiorumque.</strong></span> 
     </span>
    </p>

    <p class='ocr_par' dir='ltr' id='par_1_4' title="bbox 94 1535 1431 2638">
     <span class='ocr_line' id='line_1_10' title="bbox 179 1535 1426 1614; baseline 0.004 -21"><span class='ocrx_word' id='word_1_78' title='bbox 179 1536 228 1593; x_wconf 83' lang='lat' dir='ltr'><strong>Ad</strong></span> <span class='ocrx_word' id='word_1_79' title='bbox 250 1555 278 1612; x_wconf 90' lang='lat' dir='ltr'><strong>p.</strong></span> <span class='ocrx_word' id='word_1_80' title='bbox 299 1538 366 1595; x_wconf 83' lang='lat'><strong>173.</strong></span> <span class='ocrx_word' id='word_1_81' title='bbox 411 1535 550 1613; x_wconf 84' lang='lat' dir='ltr'><strong>Capitum</strong></span> <span class='ocrx_word' id='word_1_82' title='bbox 574 1537 783 1612; x_wconf 83' lang='lat' dir='ltr'><strong>inscriptiones</strong></span> <span class='ocrx_word' id='word_1_83' title='bbox 806 1538 831 1596; x_wconf 90' lang='lat' dir='ltr'><strong>si</strong></span> <span class='ocrx_word' id='word_1_84' title='bbox 854 1537 926 1612; x_wconf 90' lang='lat' dir='ltr'><strong>quid</strong></span> <span class='ocrx_word' id='word_1_85' title='bbox 941 1537 1027 1595; x_wconf 84' lang='lat' dir='ltr'><strong>video</strong></span> <span class='ocrx_word' id='word_1_86' title='bbox 1050 1538 1178 1614; x_wconf 81' lang='lat' dir='ltr'><strong>scriptae</strong></span> <span class='ocrx_word' id='word_1_87' title='bbox 1202 1546 1272 1598; x_wconf 89' lang='lat' dir='ltr'><strong>sunt</strong></span> <span class='ocrx_word' id='word_1_88' title='bbox 1292 1541 1426 1598; x_wconf 86' lang='lat' dir='ltr'><strong>nomina-</strong></span> 
     </span>
     <span class='ocr_line' id='line_1_11' title="bbox 95 1639 1425 1717; baseline 0.002 -21"><span class='ocrx_word' id='word_1_89' title='bbox 95 1639 172 1708; x_wconf 89' lang='lat' dir='ltr'><strong>tivo;</strong></span> <span class='ocrx_word' id='word_1_90' title='bbox 202 1658 270 1696; x_wconf 92' lang='lat' dir='ltr'><strong>nam</strong></span> <span class='ocrx_word' id='word_1_91' title='bbox 299 1640 360 1696; x_wconf 86' lang='lat' dir='ltr'><strong>Iudi</strong></span> <span class='ocrx_word' id='word_1_92' title='bbox 385 1643 519 1714; x_wconf 76' lang='lat' dir='ltr'><strong>mnpistri</strong></span> <span class='ocrx_word' id='word_1_93' title='bbox 539 1659 564 1696; x_wconf 87' lang='lat' dir='ltr'><strong>o.</strong></span> <span class='ocrx_word' id='word_1_94' title='bbox 588 1639 664 1696; x_wconf 89' lang='lat' dir='ltr'>VIII</span> <span class='ocrx_word' id='word_1_95' title='bbox 692 1647 721 1696; x_wconf 89' lang='lat' dir='ltr'><strong>et</strong></span> <span class='ocrx_word' id='word_1_96' title='bbox 747 1643 945 1715; x_wconf 76' lang='lat' dir='ltr'><strong>usurpationes</strong></span> <span class='ocrx_word' id='word_1_97' title='bbox 968 1651 1118 1716; x_wconf 79' lang='lat' dir='ltr'><strong>puteorum</strong></span> <span class='ocrx_word' id='word_1_98' title='bbox 1146 1641 1207 1698; x_wconf 82' lang='lat' dir='ltr'><strong>siue</strong></span> <span class='ocrx_word' id='word_1_99' title='bbox 1226 1645 1425 1717; x_wconf 82' lang='lat' dir='ltr'><strong>pittacien&#39;urn</strong></span> 
     </span>
     <span class='ocr_line' id='line_1_12' title="bbox 95 1721 1425 1819; baseline 0.002 -22"><span class='ocrx_word' id='word_1_100' title='bbox 95 1759 121 1798; x_wconf 88' lang='lat' dir='ltr'><strong>c.</strong></span> <span class='ocrx_word' id='word_1_101' title='bbox 145 1740 192 1799; x_wconf 86' lang='lat' dir='ltr'><strong>IX</strong></span> <span class='ocrx_word' id='word_1_102' title='bbox 220 1741 309 1799; x_wconf 87' lang='lat' dir='ltr'><strong>aliam</strong></span> <span class='ocrx_word' id='word_1_103' title='bbox 336 1741 567 1818; x_wconf 86' lang='lat' dir='ltr'><strong>explicationem</strong></span> <span class='ocrx_word' id='word_1_104' title='bbox 596 1760 654 1818; x_wconf 91' lang='lat' dir='ltr'><strong>non</strong></span> <span class='ocrx_word' id='word_1_105' title='bbox 684 1741 839 1816; x_wconf 89' lang='lat' dir='ltr'><strong>recipiunt.</strong></span> <span class='ocrx_word' id='word_1_106' title='bbox 884 1742 932 1798; x_wconf 83' lang='lat' dir='ltr'><strong>Ad</strong></span> <span class='ocrx_word' id='word_1_107' title='bbox 960 1742 1058 1818; x_wconf 90' lang='lat' dir='ltr'><strong>capita</strong></span> <span class='ocrx_word' id='word_1_108' title='bbox 1086 1721 1199 1819; x_wconf 73' lang='lat' dir='ltr'><strong>septem</strong></span> <span class='ocrx_word' id='word_1_109' title='bbox 1227 1744 1324 1818; x_wconf 88' lang='lat' dir='ltr'><strong>prima</strong></span> <span class='ocrx_word' id='word_1_110' title='bbox 1345 1743 1425 1818; x_wconf 91' lang='lat' dir='ltr'><strong>quod</strong></span> 
     </span>
     <span class='ocr_line' id='line_1_13' title="bbox 94 1832 1425 1922; baseline 0.001 -21"><span class='ocrx_word' id='word_1_111' title='bbox 94 1843 209 1916; x_wconf 86' lang='lat' dir='ltr'><strong>attinet,</strong></span> <span class='ocrx_word' id='word_1_112' title='bbox 232 1845 434 1902; x_wconf 84' lang='lat' dir='ltr'><strong>nominativus</strong></span> <span class='ocrx_word' id='word_1_113' title='bbox 458 1863 476 1901; x_wconf 89' lang='lat' dir='ltr'><strong>a</strong></span> <span class='ocrx_word' id='word_1_114' title='bbox 497 1861 556 1918; x_wconf 92' lang='lat' dir='ltr'><strong>quo</strong></span> <span class='ocrx_word' id='word_1_115' title='bbox 578 1832 707 1918; x_wconf 85' lang='lat' dir='ltr'><strong>genetivi</strong></span> <span class='ocrx_word' id='word_1_116' title='bbox 734 1843 763 1900; x_wconf 94' lang='lat' dir='ltr'><strong>hi</strong></span> <span class='ocrx_word' id='word_1_117' title='bbox 787 1851 929 1919; x_wconf 84' lang='lat' dir='ltr'><strong>reguntur</strong></span> <span class='ocrx_word' id='word_1_118' title='bbox 954 1845 1043 1920; x_wconf 91' lang='lat' dir='ltr'><strong>periit</strong></span> <span class='ocrx_word' id='word_1_119' title='bbox 1065 1864 1131 1903; x_wconf 88' lang='lat' dir='ltr'><strong>cum</strong></span> <span class='ocrx_word' id='word_1_120' title='bbox 1157 1845 1305 1922; x_wconf 88' lang='lat' dir='ltr'><strong>principio</strong></span> <span class='ocrx_word' id='word_1_121' title='bbox 1335 1846 1425 1921; x_wconf 83' lang='lat' dir='ltr'><strong>legis3</strong></span> 
     </span>
     <span class='ocr_line' id='line_1_14' title="bbox 94 1944 1431 2023; baseline 0.001 -21"><span class='ocrx_word' id='word_1_122' title='bbox 94 1954 195 2022; x_wconf 89' lang='lat' dir='ltr'><strong>potest</strong></span> <span class='ocrx_word' id='word_1_123' title='bbox 226 1947 328 2014; x_wconf 88' lang='lat' dir='ltr'><strong>inisse,</strong></span> <span class='ocrx_word' id='word_1_124' title='bbox 361 1955 393 2003; x_wconf 93' lang='lat' dir='ltr'><strong>ut</strong></span> <span class='ocrx_word' id='word_1_125' title='bbox 425 1945 551 2003; x_wconf 89' lang='lat' dir='ltr'><strong>coniecit</strong></span> <span class='ocrx_word' id='word_1_126' title='bbox 572 1945 764 2016; x_wconf 87' lang='lat' dir='ltr'><strong>Huebnerus‚</strong></span> <span class='ocrx_word' id='word_1_127' title='bbox 793 1944 910 2020; x_wconf 73' lang='lat' dir='ltr'><strong>(locatio</strong></span> <span class='ocrx_word' id='word_1_128' title='bbox 945 1946 1105 2022; x_wconf 78' lang='lat' dir='ltr'><strong>ceraduetio)</strong></span> <span class='ocrx_word' id='word_1_129' title='bbox 1134 1951 1298 2005; x_wconf 80' lang='lat' dir='ltr'><strong>centesimae</strong></span> <span class='ocrx_word' id='word_1_130' title='bbox 1325 1966 1431 2023; x_wconf 51' lang='lat' dir='ltr'><strong>arpena</strong></span> 
     </span>
     <span class='ocr_line' id='line_1_15' title="bbox 96 2045 1426 2126; baseline 0.001 -20"><span class='ocrx_word' id='word_1_131' title='bbox 96 2051 189 2106; x_wconf 82' lang='lat' dir='ltr'><strong>terias</strong></span> <span class='ocrx_word' id='word_1_132' title='bbox 203 2049 396 2124; x_wconf 84' lang='lat' dir='ltr'><strong>stipulationis</strong></span> <span class='ocrx_word' id='word_1_133' title='bbox 419 2056 448 2106; x_wconf 90' lang='lat' dir='ltr'><strong>et</strong></span> <span class='ocrx_word' id='word_1_134' title='bbox 470 2047 514 2106; x_wconf 87' lang='lat' dir='ltr'><strong>sic</strong></span> <span class='ocrx_word' id='word_1_135' title='bbox 537 2048 687 2122; x_wconf 85' lang='lat' dir='ltr'><strong>deinceps.</strong></span> <span class='ocrx_word' id='word_1_136' title='bbox 733 2045 811 2106; x_wconf 89' lang='lat' dir='ltr'><strong>Sane</strong></span> <span class='ocrx_word' id='word_1_137' title='bbox 827 2066 903 2124; x_wconf 90' lang='lat' dir='ltr'><strong>quae</strong></span> <span class='ocrx_word' id='word_1_138' title='bbox 923 2048 1061 2125; x_wconf 85' lang='lat' dir='ltr'><strong>leguntur</strong></span> <span class='ocrx_word' id='word_1_139' title='bbox 1077 2067 1101 2107; x_wconf 88' lang='lat' dir='ltr'><strong>c.</strong></span> <span class='ocrx_word' id='word_1_140' title='bbox 1117 2049 1147 2107; x_wconf 96' lang='lat' dir='ltr'><strong>II</strong></span> <span class='ocrx_word' id='word_1_141' title='bbox 1163 2052 1324 2125; x_wconf 83' lang='lat' dir='ltr'><strong>scripturae</strong></span> <span class='ocrx_word' id='word_1_142' title='bbox 1339 2067 1426 2126; x_wconf 84' lang='lat' dir='ltr'><strong>praa·</strong></span> 
     </span>
     <span class='ocr_line' id='line_1_16' title="bbox 97 2149 1426 2228; baseline 0 -20"><span class='ocrx_word' id='word_1_143' title='bbox 97 2153 172 2208; x_wconf 90' lang='lat' dir='ltr'><strong>conii</strong></span> <span class='ocrx_word' id='word_1_144' title='bbox 193 2159 222 2208; x_wconf 89' lang='lat' dir='ltr'><strong>et</strong></span> <span class='ocrx_word' id='word_1_145' title='bbox 244 2170 268 2208; x_wconf 86' lang='lat' dir='ltr'><strong>c.</strong></span> <span class='ocrx_word' id='word_1_146' title='bbox 285 2149 347 2208; x_wconf 89' lang='lat' dir='ltr'><strong>v11</strong></span> <span class='ocrx_word' id='word_1_147' title='bbox 370 2155 530 2226; x_wconf 83' lang='lat' dir='ltr'><strong>scripturae</strong></span> <span class='ocrx_word' id='word_1_148' title='bbox 544 2154 759 2208; x_wconf 81' lang='lat' dir='ltr'><strong>scaurnriorurn</strong></span> <span class='ocrx_word' id='word_1_149' title='bbox 775 2161 799 2208; x_wconf 88' lang='lat' dir='ltr'><strong>et</strong></span> <span class='ocrx_word' id='word_1_150' title='bbox 817 2154 1007 2222; x_wconf 75' lang='lat' dir='ltr'><strong>sestariorum,</strong></span> <span class='ocrx_word' id='word_1_151' title='bbox 1030 2158 1155 2228; x_wconf 88' lang='lat' dir='ltr'><strong>possunt</strong></span> <span class='ocrx_word' id='word_1_152' title='bbox 1169 2151 1272 2210; x_wconf 92' lang='lat' dir='ltr'><strong>haberi</strong></span> <span class='ocrx_word' id='word_1_153' title='bbox 1288 2152 1357 2209; x_wconf 89' lang='lat' dir='ltr'><strong>item</strong></span> <span class='ocrx_word' id='word_1_154' title='bbox 1373 2169 1426 2228; x_wconf 94' lang='lat' dir='ltr'><strong>pro</strong></span> 
     </span>
     <span class='ocr_line' id='line_1_17' title="bbox 95 2253 1426 2331; baseline 0 -21"><span class='ocrx_word' id='word_1_155' title='bbox 95 2253 288 2311; x_wconf 89' lang='lat' dir='ltr'><strong>nominativis</strong></span> <span class='ocrx_word' id='word_1_156' title='bbox 304 2253 445 2330; x_wconf 88' lang='lat' dir='ltr'><strong>pluratis;</strong></span> <span class='ocrx_word' id='word_1_157' title='bbox 462 2253 516 2310; x_wconf 91' lang='lat' dir='ltr'><strong>sed</strong></span> <span class='ocrx_word' id='word_1_158' title='bbox 533 2253 589 2310; x_wconf 89' lang='lat' dir='ltr'><strong>hoc</strong></span> <span class='ocrx_word' id='word_1_159' title='bbox 602 2253 702 2329; x_wconf 87' lang='lat' dir='ltr'><strong>posito</strong></span> <span class='ocrx_word' id='word_1_160' title='bbox 720 2253 770 2310; x_wconf 78' lang='lat' dir='ltr'><strong>vix</strong></span> <span class='ocrx_word' id='word_1_161' title='bbox 786 2262 885 2330; x_wconf 89' lang='lat' dir='ltr'><strong>aptam</strong></span> <span class='ocrx_word' id='word_1_162' title='bbox 902 2255 1078 2312; x_wconf 88' lang='lat' dir='ltr'><strong>sententiam</strong></span> <span class='ocrx_word' id='word_1_163' title='bbox 1094 2255 1297 2329; x_wconf 87' lang='lat' dir='ltr'><strong>expediemus.</strong></span> <span class='ocrx_word' id='word_1_164' title='bbox 1327 2253 1426 2331; x_wconf 89' lang='lat' dir='ltr'><strong>Scrip-</strong></span> 
     </span>
     <span class='ocr_line' id='line_1_18' title="bbox 94 2355 1427 2433; baseline 0 -21"><span class='ocrx_word' id='word_1_165' title='bbox 94 2362 163 2414; x_wconf 88' lang='lat' dir='ltr'><strong>tura</strong></span> <span class='ocrx_word' id='word_1_166' title='bbox 185 2363 284 2414; x_wconf 88' lang='lat' dir='ltr'><strong>autem</strong></span> <span class='ocrx_word' id='word_1_167' title='bbox 308 2355 528 2414; x_wconf 88' lang='lat' dir='ltr'><strong>seaurariorum</strong></span> <span class='ocrx_word' id='word_1_168' title='bbox 551 2363 580 2411; x_wconf 82' lang='lat' dir='ltr'><strong>et</strong></span> <span class='ocrx_word' id='word_1_169' title='bbox 600 2355 791 2412; x_wconf 89' lang='lat' dir='ltr'><strong>testarinrum</strong></span> <span class='ocrx_word' id='word_1_170' title='bbox 812 2357 883 2413; x_wconf 92' lang='lat' dir='ltr'><strong>mihi</strong></span> <span class='ocrx_word' id='word_1_171' title='bbox 906 2365 952 2414; x_wconf 90' lang='lat' dir='ltr'><strong>est</strong></span> <span class='ocrx_word' id='word_1_172' title='bbox 973 2356 1120 2433; x_wconf 83' lang='lat' dir='ltr'><strong>professio</strong></span> <span class='ocrx_word' id='word_1_173' title='bbox 1144 2376 1171 2413; x_wconf 83' lang='lat' dir='ltr'><strong>r.</strong></span> <span class='ocrx_word' id='word_1_174' title='bbox 1187 2356 1226 2414; x_wconf 80' lang='lat'><strong>49</strong></span> <span class='ocrx_word' id='word_1_175' title='bbox 1250 2374 1427 2414; x_wconf 87' lang='lat' dir='ltr'><strong>commemo·</strong></span> 
     </span>
     <span class='ocr_line' id='line_1_19' title="bbox 96 2457 1426 2535; baseline -0.002 -19"><span class='ocrx_word' id='word_1_176' title='bbox 96 2466 173 2528; x_wconf 88' lang='lat' dir='ltr'><strong>rata,</strong></span> <span class='ocrx_word' id='word_1_177' title='bbox 196 2477 286 2533; x_wconf 88' lang='lat' dir='ltr'><strong>quam</strong></span> <span class='ocrx_word' id='word_1_178' title='bbox 308 2459 337 2515; x_wconf 94' lang='lat' dir='ltr'><strong>in</strong></span> <span class='ocrx_word' id='word_1_179' title='bbox 362 2459 503 2534; x_wconf 89' lang='lat' dir='ltr'><strong>scriptum</strong></span> <span class='ocrx_word' id='word_1_180' title='bbox 526 2458 676 2516; x_wconf 89' lang='lat' dir='ltr'><strong>redactam</strong></span> <span class='ocrx_word' id='word_1_181' title='bbox 699 2477 765 2516; x_wconf 89' lang='lat' dir='ltr'><strong>esse</strong></span> <span class='ocrx_word' id='word_1_182' title='bbox 788 2469 1021 2516; x_wconf 87' lang='lat' dir='ltr'><strong>consentaneum</strong></span> <span class='ocrx_word' id='word_1_183' title='bbox 1044 2467 1097 2516; x_wconf 89' lang='lat' dir='ltr'><strong>est.</strong></span> <span class='ocrx_word' id='word_1_184' title='bbox 1147 2457 1302 2535; x_wconf 85' lang='lat' dir='ltr'><strong>Scriptura</strong></span> <span class='ocrx_word' id='word_1_185' title='bbox 1327 2467 1426 2514; x_wconf 88' lang='lat' dir='ltr'><strong>autem</strong></span> 
     </span>
     <span class='ocr_line' id='line_1_20' title="bbox 96 2560 1426 2638; baseline -0.002 -19"><span class='ocrx_word' id='word_1_186' title='bbox 96 2562 249 2638; x_wconf 85' lang='lat' dir='ltr'><strong>praeconii</strong></span> <span class='ocrx_word' id='word_1_187' title='bbox 271 2560 345 2635; x_wconf 91' lang='lat' dir='ltr'><strong>quid</strong></span> <span class='ocrx_word' id='word_1_188' title='bbox 368 2561 516 2637; x_wconf 87' lang='lat' dir='ltr'><strong>significet</strong></span> <span class='ocrx_word' id='word_1_189' title='bbox 537 2560 653 2630; x_wconf 83' lang='lat' dir='ltr'><strong>nesei03</strong></span> <span class='ocrx_word' id='word_1_190' title='bbox 681 2579 748 2618; x_wconf 92' lang='lat' dir='ltr'><strong>nam</strong></span> <span class='ocrx_word' id='word_1_191' title='bbox 776 2561 937 2618; x_wconf 88' lang='lat' dir='ltr'><strong>seeundum</strong></span> <span class='ocrx_word' id='word_1_192' title='bbox 961 2579 1006 2630; x_wconf 89' lang='lat' dir='ltr'><strong>ea,</strong></span> <span class='ocrx_word' id='word_1_193' title='bbox 1033 2575 1108 2636; x_wconf 88' lang='lat' dir='ltr'><strong>quae</strong></span> <span class='ocrx_word' id='word_1_194' title='bbox 1130 2561 1160 2617; x_wconf 94' lang='lat' dir='ltr'><strong>in</strong></span> <span class='ocrx_word' id='word_1_195' title='bbox 1183 2561 1252 2636; x_wconf 88' lang='lat' dir='ltr'><strong>ipsa</strong></span> <span class='ocrx_word' id='word_1_196' title='bbox 1272 2561 1339 2636; x_wconf 85' lang='lat' dir='ltr'><strong>Iege</strong></span> <span class='ocrx_word' id='word_1_197' title='bbox 1361 2577 1426 2634; x_wconf 91' lang='lat' dir='ltr'><strong>per-</strong></span> 
     </span>
    </p>
   </div>
   <div class='ocr_carea' id='block_1_3' title="bbox 96 2661 1428 2944">
    <p class='ocr_par' dir='ltr' id='par_1_5' title="bbox 96 2661 1428 2944">
     <span class='ocr_line' id='line_1_21' title="bbox 97 2661 1427 2740; baseline -0.002 -19"><span class='ocrx_word' id='word_1_198' title='bbox 97 2665 211 2740; x_wconf 87' lang='lat' dir='ltr'><strong>scripta</strong></span> <span class='ocrx_word' id='word_1_199' title='bbox 233 2671 311 2734; x_wconf 87' lang='lat' dir='ltr'><strong>sunt,</strong></span> <span class='ocrx_word' id='word_1_200' title='bbox 335 2662 373 2720; x_wconf 88' lang='lat' dir='ltr'><strong>ad</strong></span> <span class='ocrx_word' id='word_1_201' title='bbox 388 2663 579 2738; x_wconf 88' lang='lat' dir='ltr'><strong>praeconium</strong></span> <span class='ocrx_word' id='word_1_202' title='bbox 603 2681 662 2720; x_wconf 94' lang='lat' dir='ltr'><strong>non</strong></span> <span class='ocrx_word' id='word_1_203' title='bbox 685 2663 919 2720; x_wconf 88' lang='lat' dir='ltr'><strong>admittebantur</strong></span> <span class='ocrx_word' id='word_1_204' title='bbox 933 2663 984 2737; x_wconf 89' lang='lat' dir='ltr'><strong>qui</strong></span> <span class='ocrx_word' id='word_1_205' title='bbox 1000 2661 1110 2719; x_wconf 85' lang='lat' dir='ltr'><strong>vellent</strong></span> <span class='ocrx_word' id='word_1_206' title='bbox 1125 2661 1314 2738; x_wconf 81' lang='lat' dir='ltr'><strong>professione</strong></span> <span class='ocrx_word' id='word_1_207' title='bbox 1336 2661 1427 2731; x_wconf 83' lang='lat' dir='ltr'><strong>facta,</strong></span> 
     </span>
     <span class='ocr_line' id='line_1_22' title="bbox 98 2761 1427 2840; baseline -0.005 -15"><span class='ocrx_word' id='word_1_208' title='bbox 98 2767 151 2826; x_wconf 90' lang='lat' dir='ltr'><strong>sed</strong></span> <span class='ocrx_word' id='word_1_209' title='bbox 173 2765 330 2823; x_wconf 86' lang='lat' dir='ltr'><strong>iocabatur</strong></span> <span class='ocrx_word' id='word_1_210' title='bbox 352 2773 384 2822; x_wconf 92' lang='lat' dir='ltr'><strong>ut</strong></span> <span class='ocrx_word' id='word_1_211' title='bbox 405 2764 584 2822; x_wconf 90' lang='lat' dir='ltr'><strong>tonstrinum</strong></span> <span class='ocrx_word' id='word_1_212' title='bbox 607 2764 780 2838; x_wconf 88' lang='lat' dir='ltr'><strong>etreliqua.</strong></span> <span class='ocrx_word' id='word_1_213' title='bbox 827 2762 928 2836; x_wconf 85' lang='lat' dir='ltr'><strong>Quare</strong></span> <span class='ocrx_word' id='word_1_214' title='bbox 950 2762 1110 2821; x_wconf 90' lang='lat' dir='ltr'><strong>videndum</strong></span> <span class='ocrx_word' id='word_1_215' title='bbox 1133 2771 1189 2834; x_wconf 87' lang='lat' dir='ltr'><strong>est,</strong></span> <span class='ocrx_word' id='word_1_216' title='bbox 1212 2784 1249 2822; x_wconf 86' lang='lat' dir='ltr'><strong>ne</strong></span> <span class='ocrx_word' id='word_1_217' title='bbox 1271 2761 1427 2840; x_wconf 85' lang='lat' dir='ltr'><strong>intellega-</strong></span> 
     </span>
     <span class='ocr_line' id='line_1_23' title="bbox 96 2865 1428 2944; baseline -0.005 -16"><span class='ocrx_word' id='word_1_218' title='bbox 96 2879 147 2928; x_wconf 89' lang='lat' dir='ltr'><strong>tur</strong></span> <span class='ocrx_word' id='word_1_219' title='bbox 170 2869 318 2944; x_wconf 86' lang='lat' dir='ltr'><strong>scriptura</strong></span> <span class='ocrx_word' id='word_1_220' title='bbox 339 2877 369 2924; x_wconf 89' lang='lat' dir='ltr'><strong>et</strong></span> <span class='ocrx_word' id='word_1_221' title='bbox 390 2866 598 2944; x_wconf 81' lang='lat' dir='ltr'><strong>praeconium3</strong></span> <span class='ocrx_word' id='word_1_222' title='bbox 622 2883 717 2940; x_wconf 90' lang='lat' dir='ltr'><strong>neque</strong></span> <span class='ocrx_word' id='word_1_223' title='bbox 739 2865 817 2924; x_wconf 88' lang='lat' dir='ltr'><strong>enirn</strong></span> <span class='ocrx_word' id='word_1_224' title='bbox 834 2865 961 2923; x_wconf 90' lang='lat' dir='ltr'><strong>absurde</strong></span> <span class='ocrx_word' id='word_1_225' title='bbox 977 2873 1141 2925; x_wconf 88' lang='lat' dir='ltr'><strong>statuemus</strong></span> <span class='ocrx_word' id='word_1_226' title='bbox 1156 2884 1335 2943; x_wconf 89' lang='lat' dir='ltr'><strong>praeconem</strong></span> <span class='ocrx_word' id='word_1_227' title='bbox 1356 2866 1428 2923; x_wconf 89' lang='lat' dir='ltr'><strong>item</strong></span> 
     </span>
    </p>
   </div>
   <div class='ocr_carea' id='block_1_4' title="bbox 96 2967 1385 3148">
    <p class='ocr_par' dir='ltr' id='par_1_6' title="bbox 96 2967 1385 3148">
     <span class='ocr_line' id='line_1_24' title="bbox 96 2967 1241 3045; baseline -0.003 -16"><span class='ocrx_word' id='word_1_228' title='bbox 96 2971 128 3029; x_wconf 91' lang='lat' dir='ltr'><strong>in</strong></span> <span class='ocrx_word' id='word_1_229' title='bbox 150 2970 266 3028; x_wconf 89' lang='lat' dir='ltr'><strong>litteras</strong></span> <span class='ocrx_word' id='word_1_230' title='bbox 289 2969 438 3028; x_wconf 85' lang='lat' dir='ltr'><strong>rettulisse</strong></span> <span class='ocrx_word' id='word_1_231' title='bbox 460 2987 537 3045; x_wconf 88' lang='lat' dir='ltr'><strong>quae</strong></span> <span class='ocrx_word' id='word_1_232' title='bbox 558 2967 771 3044; x_wconf 89' lang='lat' dir='ltr'><strong>perscribenda</strong></span> <span class='ocrx_word' id='word_1_233' title='bbox 793 2977 862 3027; x_wconf 90' lang='lat' dir='ltr'><strong>sunt</strong></span> <span class='ocrx_word' id='word_1_234' title='bbox 884 2969 914 3026; x_wconf 92' lang='lat' dir='ltr'><strong>in</strong></span> <span class='ocrx_word' id='word_1_235' title='bbox 937 2968 1074 3027; x_wconf 86' lang='lat' dir='ltr'><strong>auctione</strong></span> <span class='ocrx_word' id='word_1_236' title='bbox 1096 2968 1241 3027; x_wconf 85' lang='lat' dir='ltr'><strong>facienda.</strong></span> 
     </span>
     <span class='ocr_line' id='line_1_25' title="bbox 1133 3089 1385 3148; baseline -0.008 0"><span class='ocrx_word' id='word_1_237' title='bbox 1133 3089 1192 3148; x_wconf 85' lang='lat' dir='ltr'><strong>Ta.</strong></span> <span class='ocrx_word' id='word_1_238' title='bbox 1215 3089 1385 3148; x_wconf 83' lang='lat' dir='ltr'><strong>Mouusau.</strong></span> 
     </span>
    </p>
   </div>
   <div class='ocr_carea' id='block_1_5' title="bbox 588 3845 944 3906">
    <p class='ocr_par' dir='ltr' id='par_1_7' title="bbox 588 3845 944 3906">
     <span class='ocr_line' id='line_1_26' title="bbox 588 3845 944 3906; baseline 0 -2"><span class='ocrx_word' id='word_1_239' title='bbox 588 3845 944 3906; x_wconf 80' lang='lat' dir='ltr'><strong>ADDITAMENTVM.</strong></span> 
     </span>
    </p>
   </div>
   <div class='ocr_carea' id='block_1_6' title="bbox 99 4031 1431 4212">
    <p class='ocr_par' dir='ltr' id='par_1_8' title="bbox 99 4031 1431 4212">
     <span class='ocr_line' id='line_1_27' title="bbox 187 4031 1430 4109; baseline -0.006 -13"><span class='ocrx_word' id='word_1_240' title='bbox 187 4037 335 4096; x_wconf 82' lang='lat' dir='ltr'><strong>Officiosa</strong></span> <span class='ocrx_word' id='word_1_241' title='bbox 357 4033 526 4096; x_wconf 89' lang='lat' dir='ltr'><strong>Soromenii</strong></span> <span class='ocrx_word' id='word_1_242' title='bbox 547 4033 724 4092; x_wconf 87' lang='lat' dir='ltr'><strong>liberalitate</strong></span> <span class='ocrx_word' id='word_1_243' title='bbox 746 4033 855 4092; x_wconf 84' lang='lat' dir='ltr'><strong>iactum</strong></span> <span class='ocrx_word' id='word_1_244' title='bbox 877 4041 933 4102; x_wconf 88' lang='lat' dir='ltr'><strong>eet,</strong></span> <span class='ocrx_word' id='word_1_245' title='bbox 961 4043 993 4089; x_wconf 90' lang='lat' dir='ltr'><strong>ut</strong></span> <span class='ocrx_word' id='word_1_246' title='bbox 1015 4032 1083 4090; x_wconf 89' lang='lat' dir='ltr'><strong>huic</strong></span> <span class='ocrx_word' id='word_1_247' title='bbox 1105 4031 1250 4104; x_wconf 76' lang='lat' dir='ltr'><strong>volumini</strong></span> <span class='ocrx_word' id='word_1_248' title='bbox 1271 4049 1430 4109; x_wconf 87' lang='lat' dir='ltr'><strong>possemus</strong></span> 
     </span>
     <span class='ocr_line' id='line_1_28' title="bbox 99 4117 1431 4212; baseline -0.006 -12"><span class='ocrx_word' id='word_1_249' title='bbox 99 4141 221 4200; x_wconf 91' lang='lat' dir='ltr'><strong>adicere</strong></span> <span class='ocrx_word' id='word_1_250' title='bbox 242 4139 361 4196; x_wconf 88' lang='lat' dir='ltr'><strong>tabulas</strong></span> <span class='ocrx_word' id='word_1_251' title='bbox 383 4138 459 4196; x_wconf 90' lang='lat' dir='ltr'><strong>duas</strong></span> <span class='ocrx_word' id='word_1_252' title='bbox 482 4146 545 4194; x_wconf 87' lang='lat' dir='ltr'><strong>arte</strong></span> <span class='ocrx_word' id='word_1_253' title='bbox 568 4117 657 4212; x_wconf 84' lang='lat' dir='ltr'><strong>quam</strong></span> <span class='ocrx_word' id='word_1_254' title='bbox 681 4137 783 4194; x_wconf 89' lang='lat' dir='ltr'><strong>dicunt</strong></span> <span class='ocrx_word' id='word_1_255' title='bbox 805 4135 1001 4212; x_wconf 83' lang='lat' dir='ltr'><strong>heliographa</strong></span> <span class='ocrx_word' id='word_1_256' title='bbox 1020 4133 1176 4212; x_wconf 89' lang='lat' dir='ltr'><strong>Olisipone</strong></span> <span class='ocrx_word' id='word_1_257' title='bbox 1199 4134 1237 4192; x_wconf 92' lang='lat' dir='ltr'><strong>ad</strong></span> <span class='ocrx_word' id='word_1_258' title='bbox 1259 4135 1356 4209; x_wconf 88' lang='lat' dir='ltr'><strong>ipsum</strong></span> <span class='ocrx_word' id='word_1_259' title='bbox 1379 4151 1431 4192; x_wconf 88' lang='lat' dir='ltr'><strong>aes</strong></span> 
     </span>
    </p>
   </div>
   <div class='ocr_carea' id='block_1_7' title="bbox 99 4236 1432 4403">
    <p class='ocr_par' dir='ltr' id='par_1_9' title="bbox 99 4236 1432 4403">
     <span class='ocr_line' id='line_1_29' title="bbox 99 4236 1432 4320; baseline -0.004 -20"><span class='ocrx_word' id='word_1_260' title='bbox 99 4260 192 4320; x_wconf 89' lang='lat' dir='ltr'><strong>quam</strong></span> <span class='ocrx_word' id='word_1_261' title='bbox 220 4239 444 4299; x_wconf 89' lang='lat' dir='ltr'><strong>accuratissime</strong></span> <span class='ocrx_word' id='word_1_262' title='bbox 471 4255 648 4314; x_wconf 61' lang='lat' dir='ltr'><strong>expressam</strong></span> <span class='ocrx_word' id='word_1_263' title='bbox 682 4239 874 4314; x_wconf 85' lang='lat' dir='ltr'><strong>designantur</strong></span> <span class='ocrx_word' id='word_1_264' title='bbox 904 4237 1004 4296; x_wconf 86' lang='lat' dir='ltr'><strong>antica</strong></span> <span class='ocrx_word' id='word_1_265' title='bbox 1029 4245 1059 4294; x_wconf 89' lang='lat' dir='ltr'><strong>et</strong></span> <span class='ocrx_word' id='word_1_266' title='bbox 1084 4236 1199 4312; x_wconf 89' lang='lat' dir='ltr'><strong>postica</strong></span> <span class='ocrx_word' id='word_1_267' title='bbox 1226 4236 1303 4296; x_wconf 89' lang='lat' dir='ltr'><strong>aeris</strong></span> <span class='ocrx_word' id='word_1_268' title='bbox 1330 4244 1432 4313; x_wconf 91' lang='lat' dir='ltr'><strong>partes</strong></span> 
     </span>
     <span class='ocr_line' id='line_1_30' title="bbox 99 4341 375 4403; baseline -0.007 0"><span class='ocrx_word' id='word_1_269' title='bbox 99 4344 211 4403; x_wconf 87' lang='lat' dir='ltr'><strong>litteris</strong></span> <span class='ocrx_word' id='word_1_270' title='bbox 235 4342 264 4400; x_wconf 79' lang='lat' dir='ltr'><strong><em>A</em></strong></span> <span class='ocrx_word' id='word_1_271' title='bbox 286 4348 316 4400; x_wconf 88' lang='lat' dir='ltr'><strong>et</strong></span> <span class='ocrx_word' id='word_1_272' title='bbox 337 4341 375 4401; x_wconf 91' lang='lat' dir='ltr'><strong>B.</strong></span> 
     </span>
    </p>
   </div>
   <div class='ocr_carea' id='block_1_8' title="bbox 0 0 1761 5828">
    <p class='ocr_par' dir='ltr' id='par_1_10' title="bbox 0 0 1761 5828">
     <span class='ocr_line' id='line_1_31' title="bbox 0 0 1761 5828; baseline 0 0"><span class='ocrx_word' id='word_1_273' title='bbox 0 0 1761 5828; x_wconf 95' lang='lat' dir='ltr'><strong> </strong></span> 
     </span>
    </p>
   </div>
  </div>
 </body>
</html>
