3488 5828
242 483 244 486 ⁵
331 509 404 579 170
924 519 1072 580 abanan

330 723 401 764 cere.
444 703 607 765 Scribendo
627 713 707 764 recte
727 705 948 781 coniunguntur
968 708 1069 780 siquae
1090 709 1174 780 siqua
1196 706 1295 780 siquid
1318 706 1354 762 13
1373 703 1411 763 25
1428 703 1477 776 27,
1501 705 1668 782 seiungun-

330 816 379 866 tur
400 809 478 884 quod
498 811 526 865 si
549 809 585 866 16
609 827 663 883 quo
686 811 779 865 ruinas
803 805 840 864 27
864 827 919 883 quo
942 825 995 882 quo
1019 809 1099 864 ruodo
1122 807 1171 865 48.

415 907 520 970 Sermo
546 910 577 966 in
605 909 775 968 universum
802 909 912 986 planus
935 917 964 967 et
986 923 1087 967 castus
1109 917 1155 968 est
1177 915 1266 987 atque
1294 929 1340 980 ea,
1362 929 1452 986 quam
1474 910 1550 967 iuris
1575 909 1667 984 periti

331 1012 465 1089 exigunt,
487 1013 713 1089 perspicuitatc;
736 1023 768 1070 ut
784 1031 874 1070 unum
894 1012 1031 1084 delibem,
1055 1032 1089 1070 ea
1103 1013 1149 1069 die
1163 1030 1221 1088 qua
1236 1015 1282 1070 die
1296 1032 1323 1071 v.
1341 1012 1379 1071 52
1403 1013 1524 1083 adnoto,
1547 1030 1613 1087 quo
1630 1011 1669 1070 de

332 1132 391 1172 usu
412 1134 508 1192 nuper
534 1114 631 1174 denuo
655 1117 760 1174 moniti
783 1133 896 1174 sumus.
940 1115 989 1173 Ex
1016 1133 1073 1174 usu
1095 1115 1306 1173 vocabulorum
1329 1115 1403 1173 haec
1424 1114 1602 1173 adnotanda
1623 1116 1669 1171 ri-

333 1218 449 1290 dentur,
475 1219 627 1276 recuraudi
648 1237 675 1275 v.
692 1219 732 1276 43
755 1218 878 1276 verbum
901 1215 1105 1276 Catullianum
1127 1218 1334 1293 repetendique
1349 1217 1387 1276 27
1405 1215 1442 1275 28
1465 1235 1536 1276 usos
1561 1238 1579 1275 e
1603 1218 1670 1276 iure

333 1320 413 1378 civili
437 1325 538 1392 notus3
562 1339 655 1396 equae
676 1321 796 1378 caballis
815 1321 850 1377 17
875 1321 1030 1397 oppositae
1052 1339 1111 1378 non
1133 1320 1218 1395 equis
1240 1319 1390 1394 (vocabuli
1413 1320 1564 1396 peregrini
1588 1329 1671 1376 certe

334 1441 512 1500 quamquam
536 1423 573 1480 ab
592 1421 710 1480 Lucilio
732 1433 762 1480 et
782 1421 911 1480 Horatio
933 1424 964 1479 in
986 1423 1173 1481 sermonibus
1197 1441 1256 1479 non
1278 1423 1369 1498 spreti
1391 1423 1475 1498 origo
1499 1423 1605 1480 nescio
1629 1443 1671 1480 an

333 1525 473 1600 Hispana
494 1525 625 1583 fortasse
646 1525 765 1599 fuerit);
788 1525 930 1583 adverbia
950 1530 1082 1583 erecenli
1096 1523 1134 1583 26
1157 1533 1187 1583 et
1208 1525 1406 1583 aaicersalitcr
1421 1526 1455 1594 43
1477 1529 1509 1581 ui
1530 1543 1589 1601 pro
1612 1529 1674 1581 uisi

335 1627 374 1687 50
396 1628 538 1705 positum,
567 1636 624 1685 lum
651 1635 681 1684 et
707 1637 773 1686 lanc
799 1627 838 1685 30
865 1629 1035 1704 promiscue
1062 1637 1204 1704 usurpata
1231 1626 1303 1701 (hoc
1329 1628 1406 1684 euim
1434 1629 1563 1704 postica,
1592 1626 1671 1683 illud

334 1731 434 1789 antica
460 1749 485 1788 v.
510 1729 547 1787 21
575 1728 693 1805 habet);
728 1729 861 1788 labarae
880 1730 1026 1806 fulloniae
1053 1730 1102 1802 43,
1129 1749 1190 1788 non
1209 1729 1379 1802 fullonicae,
1413 1749 1479 1788 oum
1506 1739 1674 1804 utrumque

334 1833 424 1891 suerit
448 1832 478 1890 in
505 1849 576 1902 usu;
604 1833 748 1891 commoda
774 1835 918 1908 percipere
944 1831 983 1890 24
1011 1841 1040 1891 et
1065 1833 1116 1891 sab
1140 1851 1310 1909 praeconem
1331 1833 1455 1891 subicere
1481 1832 1516 1889 17
1541 1831 1674 1889 locutio·

335 1953 389 1994 nes
410 1934 540 1992 fortasse
560 1935 592 1992 in
613 1934 677 1991 iure
699 1935 781 1993 civili
804 1937 973 1994 sollemnes.
1430 1931 1434 1938 ’

419 2035 578 2094 Vocabula
599 2045 755 2113 praetcrea
779 2055 839 2096 non
862 2057 958 2114 pauca
976 2057 1030 2116 pro
1052 2037 1128 2112 legis
1150 2039 1263 2096 ambitu
1283 2055 1342 2095 non
1360 2056 1466 2113 magno
1482 2037 1619 2115 primum
1635 2059 1675 2096 ex

337 2159 373 2198 ea
399 2139 597 2210 innotescunt,
627 2139 736 2198 lausiac
758 2143 956 2216 pittaciariuur
982 2144 1137 2199 recisamen
1162 2149 1307 2198 ratraureo
1335 2144 1505 2199 scaurariaa
1533 2145 1676 2198 teutarius

337 2241 518 2300 abertambus
539 2240 638 2313 uslile;
662 2261 697 2299 ea
719 2241 797 2300 infra
819 2243 970 2320 explicare
992 2243 1130 2301 conabor.

421 2342 504 2401 Haeo
526 2345 626 2402 omnia
646 2344 752 2402 eodem
775 2345 895 2415 ducunt,
917 2363 977 2420 quo
999 2345 1165 2403 litterarum
1190 2345 1318 2404 formam
1341 2345 1448 2404 ducere
1475 2365 1574 2422 supra
1598 2347 1680 2416 dini,

338 2455 371 2504 ut
392 2446 592 2522 conscriptam
615 2463 681 2505 esse
704 2447 800 2525 legem
817 2447 973 2505 credamus
995 2465 1031 2504 ea
1053 2457 1160 2518 aetate,
1183 2467 1242 2523 qua
1257 2458 1375 2507 vetusta
1397 2449 1514 2506 dicendi
1538 2449 1675 2507 scriben-

339 2549 429 2625 dique
455 2548 640 2606 consuetudo
666 2549 797 2608 nondum
817 2550 911 2625 'plene
938 2549 1121 2620 exoleverat,
1154 2569 1234 2608 nova
1260 2551 1391 2609 nondum
1423 2569 1519 2626 usque
1551 2569 1675 2627 quaque

338 2652 437 2710 locum
459 2651 642 2722 obtinuerat;
665 2652 763 2710 idest
786 2652 841 2710 sub
862 2652 951 2710 finem
974 2652 1085 2710 saeculi
1108 2653 1206 2728 primi.

205 2773 319 2838 Tempu,
423 2753 450 2812 E
473 2755 562 2812 rebus
582 2754 613 2812 in
634 2755 703 2829 ipsa
723 2754 789 2830 lege
811 2754 984 2812 memoratis
1007 2774 1073 2812 cum
1096 2765 1206 2813 certam
1230 2757 1372 2831 temporis
1395 2757 1603 2815 definitionem
1627 2776 1675 2814 ca-

339 2875 411 2932 pere
437 2875 496 2914 non
523 2855 621 2926 liceat,
648 2865 681 2914 ut
706 2855 785 2914 infra
812 2856 978 2914 videbimus
1005 2855 1127 2932 (desunt
1153 2858 1231 2915 enirn
1258 2860 1444 2936 praescripta
1469 2857 1548 2936 legis
1577 2877 1675 2934 neque

340 2976 468 3034 usquam
490 2958 555 3017 sive
573 2957 712 3016 consules
736 2959 798 3016 sive
820 2959 1015 3034 imperatores
1039 2959 1103 3016 sive
1125 2959 1206 3016 aliud
1220 2957 1382 3036 quidquam
1405 2962 1568 3038 profertur,
1593 2963 1676 3036 quod

341 3061 485 3138 temporis
507 3069 607 3119 notam
630 3062 661 3119 in
684 3079 717 3118 se
740 3059 871 3136 habeat),
898 3061 1078 3118 conveniunt
1104 3068 1204 3119 tamen
1232 3082 1298 3121 curn
1328 3063 1470 3140 temporis
1498 3064 1677 3132 definitione

341 3183 378 3221 ex
400 3163 570 3222 litteratura
591 3171 621 3220 et
642 3141 780 3222 sermone
802 3163 937 3220 derivata
959 3163 1087 3238 quaein
1109 3165 1283 3222 universum
1305 3186 1321 3223 e
1343 3165 1419 3240 legis
1441 3165 1543 3224 verbis
1569 3167 1678 3224 edoce·

341 3284 421 3335 mur;
443 3265 474 3323 in
496 3265 600 3340 primis
622 3275 799 3342 procurator
820 3265 1006 3324 metallorum
1028 3266 1149 3342 saepius
1172 3268 1342 3326 nominatus
1364 3287 1423 3325 non
1445 3275 1547 3344 potest
1570 3269 1678 3327 referri

342 3367 400 3424 uisi
421 3366 459 3423 ad
481 3366 702 3442 imperatoriam
725 3377 853 3426 aetatem
875 3385 1001 3443 eamque
1023 3387 1082 3425 non
1104 3369 1263 3441 ineuntem,
1286 3370 1337 3427 sed
1360 3371 1418 3427 iam
1440 3373 1677 3446 provectiorem.

343 3467 432 3528 Certe
453 3467 531 3526 ultra
552 3468 681 3527 medium
703 3471 765 3528 fere
788 3470 940 3528 saeculum
955 3471 1083 3546 primum
1106 3471 1135 3528 in
1158 3481 1291 3550 tempore
1307 3472 1473 3531 definiendo
1490 3473 1679 3534 adscendere

342 3581 478 3631 vetamur
499 3590 621 3629 munere
642 3572 703 3630 illo.

426 3673 609 3749 Priusquam
631 3675 670 3733 ad
691 3676 810 3752 singula
825 3676 974 3747 accedam,
998 3677 1180 3752 complectar
1195 3695 1271 3752 quae
1287 3677 1324 3735 ad
1341 3679 1431 3734 verba
1453 3678 1531 3735 tituli
1556 3679 1588 3736 in
1614 3683 1679 3738 uni·

343 3793 463 3835 versum
489 3785 566 3834 recte
592 3777 791 3853 intellegenda
817 3778 881 3835 sive
908 3799 946 3836 ex
971 3779 1038 3854 ipso
1065 3779 1118 3836 illo
1145 3780 1208 3837 sive
1235 3779 1353 3838 aliunde
1379 3780 1506 3837 adscisci
1535 3792 1679 3856 possunt.

343 3879 443 3956 Atque
463 3879 591 3954 primum
615 3879 711 3937 dicam
734 3880 770 3938 de
792 3881 910 3938 nomine
933 3888 961 3938 et
983 3881 1158 3938 condicione
1181 3882 1292 3939 metalli
1316 3881 1520 3957 Vipascensis.

199 4006 334 4057 Metallum
426 3981 502 4039 Loci
525 3981 600 4052 eius,
623 3981 660 4039 ad
682 4000 769 4058 quem
792 3983 869 4040 hunc
890 3983 1008 4041 titulum
1031 3983 1211 4058 pertinuisse
1233 4003 1271 4040 ex
1293 3984 1359 4059 ipso
1382 4004 1417 4042 eo
1440 3984 1597 4057 discimus,
1625 4007 1678 4044 no·

227 4091 306 4153 Vipu-
344 4103 411 4142 meu
433 4084 527 4142 semel
548 4092 662 4142 tantum
684 4085 882 4161 perscriptum
905 4095 952 4144 est
973 4106 1000 4144 v.
1018 4085 1046 4156 7,
1068 4087 1118 4143 ubi
1135 4088 1208 4160 fines
1229 4087 1336 4144 metalli
1354 4087 1537 4163 Vipasceasis
1562 4108 1678 4148 memo·

222 4186 309 4222 ⁸⁰⁰¹¹⁸⁰
343 4194 458 4244 rantur.
501 4185 636 4244 Eandem
656 4186 714 4244 loci
730 4187 964 4263 designationem
981 4207 1046 4246 cum
1066 4188 1276 4263 probabilitate
1295 4189 1342 4247 bis
1357 4199 1512 4264 praeterea
1530 4192 1680 4268 supplere

343 4288 414 4347 licet
435 4305 463 4344 v.
487 4287 525 4344 46
550 4287 598 4347 58.
643 4283 744 4347 Semel
769 4299 926 4365 praeterea
950 4290 1140 4348 nominantur
1155 4292 1229 4367 fiaes
1251 4292 1428 4349 metallorum
1449 4311 1477 4350 v.
1501 4293 1553 4363 51,
1582 4295 1680 4354 semel

344 4389 434 4448 v.10
461 4393 539 4448 intra
557 4391 631 4466 fiaes
658 4391 799 4467 scriptum
826 4401 873 4450 est
898 4412 959 4451 non
986 4393 1088 4450 addito
1121 4393 1233 4451 metalli
1261 4394 1487 4452 metallorumve
1514 4397 1679 4456 vocabulo.

346 4490 421 4551 Cum
442 4491 558 4550 'finibus
586 4495 793 4569 componenda
820 4495 885 4553 sine
907 4495 998 4553 dubio
1021 4499 1164 4554 territoria
1186 4500 1246 4554 eius
1272 4515 1300 4553 v.
1324 4497 1378 4566 383
1413 4497 1493 4573 quod
1520 4509 1681 4571 praeterea

345 4595 386 4652 ibi
408 4593 615 4670 supplevimus
642 4599 673 4652 lu
693 4595 767 4670 u[ico
792 4597 900 4654 metalli
916 4597 1100 4673 Vipascavsia
1124 4599 1227 4672 eiusce]
1255 4601 1395 4657 territorio
1423 4599 1591 4674 probabile,
1619 4621 1681 4659 non

345 4707 458 4756 certum
481 4703 536 4755 est.
580 4697 655 4756 Loci
676 4717 784 4756 nomen
808 4698 855 4756 hic
876 4700 1004 4775 primum
1028 4708 1195 4775 comparet3
1217 4701 1311 4770 vicus,
1334 4701 1431 4776 siquis
1453 4701 1520 4772 suit,
1542 4701 1682 4779 Vipasca

345 4800 474 4858 fortasse
496 4807 547 4857 aut
568 4797 732 4875 Vipascum
755 4800 852 4859 dictus
875 4803 997 4859 metallo
1016 4801 1195 4879 Vipasccusi
1218 4821 1327 4861 nomen
1348 4803 1438 4861 dedit.
1483 4803 1564 4862 Nam
1587 4826 1606 4863 a
1626 4805 1682 4864 Vi·

345 4903 431 4980 pasci
452 4901 675 4976 Vipascitanns,
704 4923 723 4958 a
744 4901 915 4979 l'ipascone
939 4903 1175 4980 Vipasconensis
1202 4904 1304 4980 potius
1327 4905 1520 4963 derivandum
1543 4917 1609 4963 eret
1632 4926 1681 4965 se-

347 5005 475 5064 cundum
498 5004 640 5062 similium
661 5005 813 5063 nominum
842 5007 873 5064 in
892 5007 1053 5083 'Hispaniis
1081 5007 1250 5065 flexionem.
1296 5006 1415 5065 Variari
1438 5017 1536 5066 autem
1559 5008 1682 5066 videtur

347 5106 423 5165 inter
445 5106 827 5184 metallimetallorumquc
850 5109 1098 5185 designationem
1127 5109 1265 5185 idemque
1294 5110 1325 5167 in
1345 5110 1434 5168 huius
1459 5111 1595 5169 vocabuli
1619 5129 1681 5168 usu

347 5216 408 5266 tam
424 5207 542 5268 Graeco
565 5228 655 5285 quem
670 5207 779 5268 Latino
802 5211 880 5285 apud
903 5213 1063 5287 scriptores
1078 5231 1198 5288 quoque
1213 5213 1397 5271 observatur.
1443 5211 1564 5274 Scilicet
1584 5233 1680 5271 unum
