3516 5828
410 541 457 610 86
626 619 634 634 ‚
746 557 931 608 uounsun
960 556 1145 608 uslruuou.
1175 555 1403 606 scurranum,

409 661 476 669 ...ι-.-

492 733 542 790 Ab
564 731 659 790 altera
681 740 767 806 parte
788 730 898 806 lapidis
922 731 1064 806 scriptum
1088 739 1135 788 est
1158 745 1230 788 save
1252 729 1361 789 litteris
1384 731 1557 789 maioribus.

492 835 630 910 Apparet
645 834 701 891 hoc
721 834 889 910 fragmento
910 851 968 890 non
992 831 1158 891 continuari
1174 831 1293 907 quidem
1310 833 1436 892 alterum
1452 843 1541 892 antea
1555 843 1671 906 notum,

410 954 523 1013 paucos
546 953 653 995 versus
676 936 754 994 inter
775 955 812 993 66
833 935 997 1006 excidisse3
1023 936 1081 993 boo
1103 935 1180 992 euim
1204 934 1409 1012 complectitur
1431 935 1689 1014 6166616611-

409 1036 496 1097 Unde
511 1038 582 1115 quid
598 1039 721 1096 notitiae
737 1046 857 1097 nostrae
872 1037 909 1096 de
923 1037 1126 1096 Romanorum
1143 1038 1233 1095 rebus
1249 1038 1342 1095 sacris
1359 1037 1491 1109 accedat,
1513 1039 1572 1096 iam
1589 1057 1689 1095 enarra

491 1141 571 1219 Aug.
597 1139 644 1198 12.
683 1139 869 1201 Sacrificium
893 1149 1065 1216 utrumque,
1088 1139 1213 1197 Herculi
1242 1139 1353 1198 invicto
1381 1141 1419 1197 ad
1446 1140 1555 1198 circum
1578 1141 1689 1199 maxin

408 1253 438 1300 et
452 1241 560 1300 Veneri
582 1242 708 1312 victrici,
731 1242 848 1301 Honori
863 1242 986 1312 Virtuti,
1009 1241 1160 1300 Felicitati
1182 1243 1213 1300 in
1236 1241 1353 1300 theatro
1370 1241 1505 1318 Pompeii
1528 1242 1653 1300 aliunde
1677 1263 1689 1300 r

409 1352 478 1402 sunt
500 1345 541 1420 (v.
565 1363 594 1420 p.
608 1344 693 1419 399).
731 1344 767 1402 lu
790 1343 920 1402 secundo
943 1353 1041 1400 tamen
1063 1343 1133 1401 fasti
1156 1345 1185 1401 hi
1208 1343 1336 1401 litteram
1360 1344 1541 1420 singularem
1564 1361 1586 1402 v
1607 1345 1689 1402 inser

408 1446 485 1503 inter
510 1445 664 1505 Honorem
690 1447 837 1506 Virtutem
864 1455 894 1504 et
919 1445 1114 1518 Felicitatem,
1149 1463 1225 1521 quae
1252 1445 1323 1522 quid
1350 1446 1508 1522 significet,
1542 1465 1602 1505 non
1640 1447 1686 1523 liq

407 1547 540 1606 Numina
566 1549 639 1608 haec
662 1568 699 1606 ea
726 1557 804 1619 sunt,
835 1548 943 1625 quibus
966 1547 1129 1624 Pompeius
1152 1549 1298 1606 theatrum
1321 1566 1407 1606 suum
1431 1547 1654 1625 quodammodo
1678 1568 1689 1607 c

408 1655 550 1721 66666616
573 1651 637 1709 lieri
662 1660 770 1727 potest,
793 1661 826 1708 ut
846 1649 885 1708 ad
901 1648 1055 1708 Honorem
1071 1659 1102 1709 et
1116 1649 1264 1708 Virtutem
1280 1650 1452 1708 adiunxerit
1470 1653 1541 1708 item
1557 1649 1689 1709 Valenti:

411 1771 593 1830 quamquam
616 1753 647 1810 id
668 1772 778 1812 numen
801 1752 831 1810 iu
854 1752 926 1810 urbe
949 1753 1061 1810 cultum
1085 1769 1153 1810 esse
1174 1752 1296 1811 aliunde
1313 1752 1394 1828 quod
1417 1753 1511 1811 eciam
1534 1772 1595 1810 non
1617 1771 1689 1811 cons

408 1853 456 1912 De
472 1853 607 1914 Victoria
629 1856 707 1914 enim
723 1874 783 1912 non
805 1853 1008 1930 cogitaverim,
1032 1873 1097 1912 cum
1114 1873 1150 1912 ea
1171 1855 1211 1912 sit
1232 1857 1300 1930 ipsa
1315 1853 1418 1914 Venus
1435 1855 1543 1912 victrix
1565 1854 1609 1930 (v.
1627 1853 1689 1914 Beo

409 1965 470 2032 top.
494 1976 523 2033 p.
541 1957 600 2016 676
623 1975 758 2033 6666666
781 1957 940 2015 observari
961 1956 1053 2014 vol.I
1076 1975 1104 2032 p.
1122 1955 1180 2015 397
1205 1956 1244 2014 66
1265 1955 1324 2014 161.
1350 1956 1412 2032 19).

492 2059 571 2134 Aug.
591 2059 638 2116 13.
681 2057 780 2118 Notae
803 2067 872 2116 sunt
897 2058 989 2116 feriae
1017 2059 1098 2131 lovi,
1124 2058 1243 2118 Dianae
1270 2059 1301 2116 iu
1323 2059 1490 2130 Aventino,
1513 2059 1685 2117 Vortumno

409 2162 570 2232 Aventino,
594 2159 713 2221 Castori
729 2159 846 2220 Polluci
868 2160 900 2218 iu
921 2161 999 2218 circo
1020 2159 1168 2219 Flaminio
1175 2181 1183 2233 3
1206 2179 1302 2220 novae
1325 2161 1470 2220 accedunt
1490 2161 1582 2220 binae
1603 2159 1687 2219 Hero

408 2271 438 2320 61
458 2263 577 2322 Florae.

492 2365 634 2424 Herculis
661 2365 783 2424 victoris
809 2365 885 2424 duas
908 2364 998 2423 aedes
1020 2364 1134 2423 Romae
1156 2365 1252 2424 fuisse
1273 2365 1371 2424 Varro
1395 2365 1498 2424 scribit
1521 2365 1615 2442 (apud
1631 2365 1689 2423 Ma

411 2467 493 2525 bium
516 2480 572 2526 sat.
589 2468 617 2538 3,
635 2469 662 2526 6.
683 2467 720 2525 10
741 2477 771 2525 61
786 2465 923 2526 Servium
940 2467 978 2525 ad
994 2469 1069 2525 Aen.
1087 2467 1115 2539 8,
1133 2466 1217 2542 363),
1240 2487 1327 2526 uuam
1345 2468 1383 2526 ad
1405 2475 1523 2543 portam
1544 2467 1689 2544 trigemin.

409 2569 533 2627 alteram
567 2571 597 2627 in
629 2570 696 2627 foro
728 2570 832 2628 boario
865 2569 929 2626 sive
962 2570 992 2626 in
1025 2569 1105 2627 circo
1132 2570 1277 2637 maximo,
1311 2588 1379 2627 narn
1408 2577 1533 2646 utraque
1563 2569 1688 2627 indicati

409 2671 535 2729 eundern
558 2671 655 2730 locum
678 2670 840 2748 significari
860 2669 989 2730 Rossius
1012 2670 1096 2746 (aun.
1117 2671 1186 2730 inst.
1207 2671 1285 2730 1864
1307 2690 1335 2746 p.
1353 2672 1388 2729 31
1405 2669 1482 2747 seq.)
1504 2671 1673 2729 luculenter

409 2775 598 2832 monstravit.
643 2772 920 2848 Ε166666616666
943 2773 1154 2849 antiquissima
1176 2781 1222 2832 est
1239 2772 1398 2831 Euandrea
1420 2773 1580 2831 coniuncta
1601 2792 1671 2831 cum

409 2876 543 2934 maxima
563 2876 688 2951 eiusque
703 2874 845 2933 Herculis
861 2873 993 2933 Victoris
1016 2875 1106 2934 ferias
1123 2874 1331 2949 celeberrimae
1348 2874 1437 2932 modo
1453 2873 1582 2932 vidimus
1598 2875 1689 2933 66166]

409 2976 456 3034 616
481 2977 617 3052 proxime
648 2976 854 3053 praecedente.
901 2976 990 3035 Alter
1011 2975 1159 3034 Hercules
1182 2976 1278 3034 victor
1307 2995 1373 3034 oum
1401 2985 1556 3052 praeterea
1582 2995 1644 3035 non
1666 2995 1689 3033 cr

408 3085 588 3136 memoretur
611 3078 660 3154 (cf.
676 3078 792 3137 Becker
813 3087 874 3153 top.
888 3095 916 3152 p.
935 3076 1021 3153 476),
1045 3096 1117 3136 6666
1139 3077 1270 3136 66166116
1291 3077 1448 3136 estferiae
1470 3079 1535 3136 6166
1558 3077 1689 3136 incidere

409 3179 486 3238 diem
509 3181 748 3256 subsequentem.

492 3280 603 3339 Florae
625 3283 714 3340 aedes
735 3281 773 3338 sd
788 3281 899 3339 circum
914 3281 1078 3342 maximum
1102 3288 1134 3340 61
1156 3281 1230 3340 satis
1246 3292 1317 3340 nota
1338 3289 1385 3340 est
1400 3281 1541 3357 (Tacitus
1557 3301 1626 3340 ann.
1644 3280 1673 3352 2,

408 3381 527 3440 Becker
549 3393 609 3458 top.
633 3403 660 3459 p.
678 3384 748 3440 473.
767 3382 857 3458 673),
885 3383 927 3439 116
954 3382 1046 3442 166166
1068 3384 1133 3441 6166
1156 3383 1229 3442 6666
1251 3383 1351 3441 661166
1374 3383 1471 3442 66666
1493 3401 1636 3441 notamus
1660 3403 1689 3459 pr

410 3491 456 3541 ter
478 3484 687 3543 celeberrimas
704 3487 777 3562 Apr.
798 3483 837 3541 28
854 3493 884 3541 et
898 3484 969 3542 Mai.
986 3484 1003 3541 3
1020 3503 1086 3542 oum
1107 3484 1187 3543 ludis
1203 3484 1375 3544 Floralibus
1398 3489 1571 3544 coniunctas
1594 3483 1637 3558 (v.
1654 3503 1689 3542 vo

409 3605 438 3662 p.
457 3583 542 3662 392).
588 3585 676 3659 Quod
698 3588 757 3644 iam
773 3586 955 3662 intellegitur
969 3587 1066 3645 eidem
1088 3587 1158 3645 item
1175 3585 1223 3644 die
1237 3588 1317 3664 Aug.
1337 3588 1373 3645 13
1398 3604 1514 3646 sacrum
1536 3587 1651 3644 factum
1666 3603 1689 3643 61

409 3692 548 3764 componi
570 3698 668 3765 potest
684 3708 749 3746 cum
773 3699 845 3748 nota
859 3687 1072 3748 consuetudine
1087 3689 1133 3747 bis
1156 3707 1210 3764 per
1231 3707 1342 3747 aunum
1357 3688 1522 3748 violatione
1540 3698 1570 3746 et
1591 3689 1687 3747 roseti

410 3789 547 3864 sepulcra
569 3790 753 3861 celebrandi;
776 3801 912 3866 tempora
933 3797 1032 3848 tamen
1055 3808 1244 3866 nequaquam
1266 3791 1455 3850 conveniunt.

492 3893 571 3968 Aug.
591 3893 625 3949 17
650 3911 726 3967 quae
753 3893 963 3951 adscribuntur
988 3893 1082 3952 feriae
1105 3891 1239 3950 Portuno
1262 3892 1299 3949 ad
1326 3901 1447 3967 pontem
1469 3892 1644 3964 Aemilium,
1671 3891 1689 3949 I.

410 3993 446 4050 ad
469 3993 618 4052 theatrum
641 3995 786 4066 Marcelli,
809 3996 878 4052 item
903 3995 984 4072 quod
1006 3997 1085 4071 Aug.
1105 3993 1141 4051 18
1170 4013 1288 4053 sacrum
1310 3993 1344 4052 fit
1371 3993 1439 4052 divo
1466 3993 1545 4051 Iulio
1572 3993 1611 4051 66
1634 3995 1689 4052 forr

409 4096 510 4153 omnia
531 4102 604 4153 nota
626 4105 705 4154 sunt.

492 4197 570 4273 Aug.
591 4197 627 4256 19
656 4199 718 4256 6166
742 4197 891 4256 Vinalium
922 4207 1023 4255 notam
1051 4198 1141 4255 habet
1167 4199 1197 4256 in
1220 4199 1267 4257 his
1294 4197 1380 4256 fastis
1409 4209 1441 4255 ut
1467 4197 1498 4254 io
1524 4197 1689 4256 Antiatinis

410 4317 476 4355 cum
499 4303 529 4355 in
552 4299 621 4358 aliis
643 4301 682 4358 sit
704 4315 772 4370 66,
794 4299 825 4357 16
847 4300 916 4358 61116
939 4315 967 4355 re
992 4299 1074 4373 (vide
1097 4319 1189 4376 supra
1210 4320 1239 4377 p.
1257 4300 1299 4376 8).
1337 4299 1444 4358 Feriae
1465 4299 1530 4358 lovi
1553 4311 1653 4358 autem
1677 4299 1689 4354 l

408 4398 468 4456 diei
496 4399 665 4476 adscriptae
694 4409 725 4458 ut
751 4399 877 4459 aFesto
906 4399 949 4477 (p.
967 4398 1041 4477 265)
1069 4409 1194 4460 testatae
1221 4409 1300 4473 sunt,
1327 4402 1370 4459 ita
1396 4402 1427 4459 in
1453 4401 1541 4460 lastis
1566 4420 1689 4460 marmor

409 4519 488 4558 nunc
509 4501 638 4577 primum
661 4511 834 4577 comparent
855 4502 960 4577 (roll
983 4522 1012 4577 p.
1030 4502 1114 4577 399).

493 4601 632 4678 Denique
655 4611 688 4661 ut
710 4605 825 4676 amicis,
854 4604 905 4679 qui
927 4604 1033 4662 horum
1056 4606 1204 4663 fastorum
1226 4605 1343 4682 copiam
1371 4605 1459 4663 nobis
1482 4605 1625 4675 16666661,
1654 4604 1689 4662 611

409 4722 511 4761 eorum
540 4705 590 4779 qui
618 4705 691 4764 baec
719 4706 819 4782 legent
847 4707 965 4765 nomine
992 4706 1105 4782 gratias
1133 4706 1261 4784 agimus,
1289 4707 1333 4764 ita
1359 4715 1431 4764 vota
1457 4725 1682 4783 nuncupamus,

409 4806 546 4882 egregiae
569 4807 626 4864 hae
647 4808 793 4884 reliquiae
822 4826 894 4866 mox
916 4807 987 4866 data
1013 4826 1105 4883 opera
1126 4808 1353 4885 investigentur.
1396 4806 1476 4866 Nam
1502 4818 1689 4884 postquam·

408 4907 576 4983 fragmenta
597 4910 640 4966 ita
662 4928 735 4968 casu
757 4919 950 4980 emerserunt,
978 4927 1037 4966 non
1067 4909 1131 4967 sine
1161 4927 1252 4968 causa
1274 4909 1388 4987 sperari
1415 4917 1516 4984 potest
1538 4908 1601 4966 fore
1623 4917 1689 4967 utr

408 5027 468 5084 qua
484 5029 602 5085 quoque
625 5031 684 5070 uon
699 5012 801 5070 omnia
822 5021 941 5086 tempus
964 5011 1139 5081 aboleverit,
1162 5011 1214 5068 sed
1238 5011 1391 5086 supersint
1412 5010 1473 5068 alia
1494 5010 1591 5069 adhuc
1613 5009 1689 5068 desor

1445 5111 1505 5170 Ta.
1529 5111 1689 5169 Mouusuu
