3516 5828
567 581 641 630 nux
668 579 749 631 con.
778 581 1005 632 66666666.
1380 561 1450 632 103

90 751 278 828 pecuniam
301 750 385 809 aiunt
406 772 425 809 a
446 753 670 828 magistratibus
693 753 938 814 sacerdotibusve
964 755 995 812 16
1022 754 1111 812 aliam
1133 755 1282 830 quandam
1308 773 1370 812 rem
1399 755 1452 812 im-

86 857 243 930 pensam
266 870 333 912 6666
353 872 407 928 pro
431 854 516 926 ludis,
539 855 623 913 verbi
645 874 745 929 causa,
768 866 802 914 ut
823 858 919 916 estin
941 857 1011 934 pagi
1034 856 1110 914 66166
1133 875 1159 913 6.
1175 877 1203 914 6.
1220 875 1245 914 6.
1263 854 1322 913 660
1345 853 1454 930 (vol.I

84 974 143 1014 n.
163 954 252 1030 571),
274 955 437 1032 magistros
452 957 534 1016 Iovis
557 957 697 1034 compagi
719 959 877 1035 pecuniam
900 957 1121 1035 consumpsisse
1143 957 1173 1016 in
1195 957 1342 1034 porticum
1362 977 1453 1036 paga-

80 1075 187 1118 nam
210 1057 402 1117 reficiendam
425 1060 526 1135 itaque
548 1059 645 1118 locum
668 1061 697 1118 in
721 1062 837 1119 theatro
857 1061 895 1119 116
918 1061 1040 1119 attribui
1056 1071 1113 1118 tum
1129 1063 1214 1136 quasi
1228 1063 1255 1117 ai
1271 1059 1453 1134 1666666616-

74 1167 190 1220 sent.
225 1159 382 1218 Eiusmodi
404 1161 482 1219 enim
505 1161 625 1220 decreta
646 1162 716 1220 licet
738 1181 797 1221 non
812 1163 983 1222 necessario
997 1163 1161 1239 requirant,
1185 1170 1216 1220 ut
1232 1169 1314 1220 certa
1328 1162 1454 1238 pecunia

75 1261 239 1345 privato
266 1273 387 1340 sumptu
414 1263 446 1322 in
472 1263 558 1322 ludos
585 1265 784 1343 impendenda
805 1267 871 1342 lege
892 1265 977 1324 finita
999 1266 1048 1335 sit,
1070 1274 1230 1340 postquam
1252 1264 1288 1321 de
1312 1265 1364 1322 tali
1387 1264 1454 1341 lege

72 1365 264 1424 certiores
290 1365 361 1422 sacti
389 1384 507 1439 sumus,
537 1377 617 1425 recte
644 1367 682 1424 66
709 1386 774 1426 eam
802 1368 977 1426 referentur.
1027 1365 1108 1441 Quid
1136 1366 1216 1442 quod
1244 1367 1312 1443 ipsa
1338 1384 1454 1424 summa

69 1467 292 1534 honoraria,
315 1485 405 1543 quam
428 1477 524 1526 aetate
547 1470 740 1544 imperatoria
766 1471 796 1528 in
824 1469 950 1528 coloniis
977 1469 1207 1545 municipiisque
1235 1469 1403 1527 sacerdotes
1425 1477 1455 1525 et

64 1569 314 1644 magistratus
337 1579 367 1627 et
391 1569 564 1629 decuriones
585 1590 639 1648 pro
662 1571 785 1630 introitu
808 1591 963 1630 numerare
987 1571 1134 1644 solebant,
1157 1571 1184 1628 si
1206 1590 1267 1628 non
1288 1570 1355 1628 inde
1371 1589 1452 1648 repe·

69 1670 211 1736 tenda
232 1679 288 1741 est,
312 1679 391 1730 certe
413 1671 451 1730 66
474 1691 622 1732 summam
645 1673 807 1751 legitimam
829 1674 859 1731 in
881 1674 969 1733 ludos
991 1673 1219 1751 impendendam
1233 1672 1452 1749 quodammodo

69 1789 185 1842 5666
209 1772 355 1849 applicuit
377 1783 526 1851 tamquam
550 1785 739 1854 augmentum
754 1776 903 1853 quoddam
920 1777 994 1848 eius,
1016 1776 1047 1833 in
1069 1777 1146 1834 alios
1170 1793 1243 1834 usus
1266 1785 1367 1834 tamen
1388 1795 1452 1833 ero·

66 1874 261 1962 gaudum.
305 1874 354 1933 De
381 1895 418 1935 ea
444 1897 562 1936 summa
588 1879 658 1937 vide
684 1897 761 1955 quae
788 1887 1019 1956 composuerunt
1041 1878 1078 1938 O.
1095 1877 1267 1936 Hirschfeld
1289 1897 1358 1936 ann.
1382 1877 1451 1936 1666.

80 1973 202 2044 1866
225 1997 254 2054 p.
271 1977 310 2035 63
333 1987 362 2034 et
383 1979 559 2056 Marquardt
581 1983 651 2039 rint.
676 1979 862 2040 Stuatseerw.
881 1983 908 2054 1,
924 1980 993 2040 499.

203 2079 398 2157 Magistratus
424 2101 495 2140 num
521 2082 610 2142 ludos
631 2084 674 2140 ita
694 2083 805 2155 fecerit,
828 2093 861 2142 ut
885 2083 951 2160 lege
972 2083 1099 2155 iubetur,
1121 2083 1234 2142 iudicat
1256 2091 1392 2156 senatus3
1418 2083 1449 2142 id
1461 2086 1592 2137 Iudicium

70 2177 199 2247 enim
221 2181 349 2242 efficitur
370 2203 408 2241 ex
432 2185 529 2243 verbis
555 2185 658 2258 12,10
682 2187 825 2245 arbitratu
846 2187 1037 2246 decurionum.
1473 2170 1505 2220 ‘¹⁰
1520 2171 1588 2220 ludis

203 2282 283 2341 Ludi
316 2286 367 2360 qui
400 2287 475 2345 liunt
506 2287 572 2345 Iovi
605 2288 713 2346 lunoni
738 2287 892 2348 Minervae
925 2289 1064 2349 dicuntur
1088 2307 1189 2346 manue
1213 2289 1306 2348 ludive
1332 2292 1454 2348 scaenici
1479 2296 1582 2347 Genera

79 2382 186 2460 (lt,
203 2387 229 2443 7.
250 2388 297 2445 11.
314 2387 363 2446 20.
381 2387 443 2463 24),
467 2389 515 2448 661
538 2408 645 2450 munus
668 2390 816 2467 significet
837 2409 959 2450 necesse
982 2399 1108 2448 666666
1130 2391 1314 2468 gladiatores
1336 2401 1451 2451 tantum
1471 2379 1590 2429 ludorum

5 2571 9 2576 Ι
82 2487 217 2562 modo,
241 2491 405 2549 sedetiam
428 2491 586 2566 circenses,
610 2511 676 2552 oum
698 2493 769 2552 alibi
793 2493 906 2569 (11,0)
929 2493 1019 2552 661166
1034 2511 1117 2551 more
1140 2492 1202 2550 ludi
1221 2494 1453 2569 gladiatoresque

87 2587 177 2646 sibi
199 2603 399 2670 opponantur.
443 2593 553 2652 Veneri
580 2596 631 2671 qui
659 2595 795 2668 eduntur,
823 2597 899 2654 fiunt
927 2599 957 2654 in
984 2598 1059 2654 circo
1085 2604 1135 2653 aut
1163 2599 1193 2653 in
1212 2597 1282 2670 soro
1305 2595 1370 2670 (12,
1387 2594 1451 2671 23),

88 2689 236 2754 scilieet
256 2697 288 2754 in
302 2697 391 2768 circo,
415 2697 441 2754 si
461 2699 612 2756 circenses
632 2706 712 2772 sunt,
734 2699 764 2756 in
780 2697 855 2770 foro,
879 2700 904 2756 si
919 2697 1100 2776 gladiatores
1116 2697 1303 2773 praebentur.
1347 2697 1452 2756 Ludos

89 2807 117 2843 a
141 2799 341 2856 curatoribus
360 2797 499 2858 fanorum
515 2801 647 2860 edendos
668 2801 817 2861 circenses
837 2801 931 2859 luisse
948 2801 1077 2860 eflicitur
1092 2819 1130 2857 ex
1146 2799 1222 2877 legis
1238 2819 1262 2858 c.
1280 2799 1453 2859 CXXVIII

91 2887 132 2958 8,
158 2898 204 2957 19
233 2901 283 2975 (cf.
309 2921 336 2977 p.
357 2901 440 2978 130).
462 2937 499 2946 -
529 2902 673 2962 Ordinem
701 2903 820 2962 sedendi
848 2904 878 2961 in
906 2903 986 2962 ludis
1016 2902 1213 2961 determinant
1240 2903 1339 2979 capita
1365 2911 1454 2960 antea

89 2991 213 3075 edita,
248 3003 364 3062 scilicet
391 3005 422 3064 in
452 3005 623 3065 universum
652 3025 677 3064 c.
700 3004 831 3078 CXXV,
862 3005 999 3064 ludorum
1028 3004 1232 3063 scaenicorum
1260 3022 1285 3062 6.
1308 3002 1453 3062 CXXVI.

92 3087 274 3164 CXXVII
304 3105 355 3182 (ct'.
382 3127 410 3184 p.
431 3107 512 3183 130).
557 3109 606 3166 Ad
633 3127 701 3180 eos,
728 3109 836 3185 quibus
863 3127 902 3167 ex
929 3109 985 3166 666
1013 3107 1079 3186 lege
1105 3107 1153 3165 ius
1181 3107 1271 3164 luerit
1298 3105 1454 3183 spectandi

93 3190 192 3260 inter
222 3207 395 3269 decuriones
422 3209 462 3285 (o.
479 3208 632 3270 CXXVII
654 3230 683 3287 p.
701 3211 729 3282 7,
753 3211 787 3282 6,
814 3229 918 3269 comm.
941 3231 969 3288 p.
990 3209 1078 3286 131),
1105 3209 1165 3266 iam
1193 3209 1334 3268 accedere
1355 3211 1454 3287 ponti·

93 3291 182 3364 tices
214 3328 402 3388 auguresque
424 3311 514 3370 modo
536 3312 580 3388 (p.
599 3312 671 3388 100)
693 3312 833 3372 vidimus.

203 3411 335 3472 Decreta
357 3413 560 3486 decurionum,
583 3415 713 3490 quaein
735 3415 793 3474 666
813 3426 896 3490 parte
918 3415 993 3492 legis
1014 3421 1293 3486 commemorantur,
1317 3423 1350 3470 ut
1369 3409 1594 3486 6666116611ῐί0-

93 3491 120 3552 i¹¹
144 3523 233 3571 uno
256 3515 294 3591 (c.
313 3514 366 3591 64)
387 3516 557 3592 requiritur,
579 3527 611 3575 ut
633 3517 734 3575 adsint
755 3535 857 3577 eorum
878 3526 979 3594 partes
1004 3515 1091 3588 duae,
1116 3517 1147 3575 in
1170 3517 1265 3574 altero
1288 3513 1398 3590 (675)
1420 3519 1453 3572 66
1468 3508 1530 3542 ”¹¹⁰¹
1549 3491 1594 3541 ἅθ’

92 3611 152 3661 ¹¹⁰ss
202 3616 300 3675 minus
323 3617 359 3689 L,
382 3617 412 3676 in
435 3619 523 3678 tertio
546 3618 585 3695 (c.
604 3618 669 3694 69),
691 3627 724 3676 66
745 3637 806 3677 666
827 3619 926 3678 minus
947 3619 1010 3677 XX
1033 3619 1142 3690 adsint,
1168 3619 1219 3694 qui
1241 3628 1288 3675 est
1308 3582 1608 3708 66166666ἕὲἓῖἓὲἓέ

87 3711 252 3776 monium
275 3719 422 3778 eiusmodi
444 3721 554 3780 16666
580 3721 646 3796 lege
672 3721 768 3779 adhuc
793 3721 979 3780 inventorum
1002 3721 1157 3792 minimus;
1187 3729 1216 3778 et
1243 3719 1452 3778 convenienter

85 3803 157 3875 ugit
165 3832 223 3876 ur
243 3840 279 3880 eo
301 3820 368 3880 loco
391 3822 427 3880 de
448 3843 481 3882 re
502 3823 562 3882 iam
583 3821 805 3899 quodammodo
828 3822 930 3882 decisa
951 3831 981 3880 et
1002 3831 1160 3899 propterea
1178 3821 1278 3898 exigui
1301 3819 1453 3879 momenti.

78 3892 120 4016 ¹¹¹·
139 3921 245 3980 solo
266 3923 365 4000 primo
388 3923 507 3984 decreto
530 3924 610 4001 quod
636 3925 816 3995 enuntiatur,
839 3925 968 3984 666666
990 3924 1129 3983 omnibus
1152 3924 1275 3994 obtinet,
1299 3931 1453 3980 uteorum

76 4013 120 4070 ‘1¹¹¹
184 4024 305 4083 adsunt
326 4027 422 4085 maior
444 4045 514 4102 pars
536 4027 561 4086 si
584 4028 779 4098 consenserit,
802 4026 953 4087 decretum
975 4035 1055 4086 recte
1077 4025 1188 4084 lactum
1211 4025 1259 4084 sit.

207 4121 323 4198 066616,
346 4137 471 4204 propter
490 4146 565 4205 quas
587 4131 781 4206 magistratus
802 4129 859 4187 hac
880 4128 946 4206 lege
968 4128 1143 4186 decuriones
1165 4125 1322 4186 consulere
1349 4127 1451 4184 iuben·
1465 4119 1593 4170 Decurio-

201 4236 268 4287 octo
290 4238 380 4287 66666
400 4231 480 4289 66616
503 4230 546 4307 (p.
566 4229 622 4288 137
636 4230 715 4307 seq.)
737 4231 797 4289 iam
819 4231 964 4290 accedunt
984 4231 1050 4288 hae.
1462 4203 1608 4334 neuqupbus

207 4329 234 4387 9.
277 4329 390 4390 Fastos
406 4331 470 4390 dies
494 4332 656 4391 secundum
679 4351 703 4390 c.
722 4333 761 4392 64
782 4333 813 4390 16
835 4332 970 4408 singulos
993 4350 1087 4390 66666
1109 4331 1241 4390 ordinari
1257 4331 1451 4390 decurionum
1461 4287 1600 4420 ᾱῖἰθὶζεῗ,

71 4421 260 4488 ο01186166
283 4449 376 4508 supra
395 4453 423 4509 p.
449 4435 505 4492 101
531 4433 668 4492 vidimus.
713 4433 749 4491 Id
775 4433 925 4493 decretum
952 4433 1053 4504 liniri,
1082 4442 1114 4491 ut
1135 4452 1191 4509 par
1213 4441 1266 4504 666,
1288 4433 1387 4491 facere
1408 4433 1453 4491 iu-

71 4505 228 4590 uentu,
249 4537 279 4592 in
302 4534 370 4610 ipso
392 4535 539 4612 principio
561 4536 631 4594 6661
655 4535 711 4606 661,
737 4536 767 4593 16
790 4545 836 4595 666
857 4537 936 4594 intra
957 4536 1022 4594 dies
1044 4534 1074 4592 X
1097 4543 1256 4611 postquam
1279 4535 1417 4593 inierunt.

90 4709 97 4722 Δ
209 4635 254 4693 10.
298 4635 403 4696 Ludos
426 4646 525 4696 utrum
547 4639 741 4714 magistratus
764 4657 803 4697 ex
829 4638 895 4714 lege
917 4637 1064 4696 ediderint
1084 4655 1184 4708 necne,
1211 4637 1346 4696 iudicant
1367 4637 1454 4694 decu·

76 4727 224 4795 ”mes
245 4736 287 4812 (v.
312 4739 429 4816 supra).

210 4839 254 4896 11.
300 4841 432 4900 Pecunia
460 4842 579 4918 publica
604 4833 842 4920 redemptoribus
869 4861 907 4900 ex
933 4843 999 4918 lege
1022 4841 1178 4900 locationis
1200 4841 1299 4899 debita
1324 4837 1450 4914 singulis

82 4926 212 5026 ⁸⁰f¹is
238 4941 282 5000 eis
310 4943 480 5002 attribuitur
502 4943 694 5002 decurionum
718 4945 853 5004 consulto
877 4945 915 5020 (c.
934 4943 998 5019 60),
1021 4962 1080 5019 qua
1096 4943 1132 5001 de
1155 4962 1186 5000 rc
1208 4942 1287 5001 inira
1308 4940 1451 5010 dicemus,

84 5013 127 5069 ⁰b¹
186 5041 231 5098 (le
252 5044 378 5119 pecunia
399 5044 519 5120 publica
540 5055 653 5121 agetur.
686 5045 733 5104 Ea
749 5047 876 5123 pecunia
891 5053 1039 5121 quatenus
1056 5046 1143 5103 datur
1157 5052 1278 5120 propter
1293 5059 1379 5100 sacra
1392 5058 1455 5098 res·
1475 5038 1533 5100 01¹⁰
1551 5053 1592 5087 or-

88 5130 149 5186 quffi
188 5141 311 5203 divinas
326 5145 488 5216 iaciendas,
504 5147 620 5206 duoviri
635 5147 665 5205 id
681 5147 830 5208 decretum
846 5149 986 5207 iubentur
1000 5148 1098 5205 facere
1113 5147 1191 5204 intra
1205 5147 1283 5204 diem
1298 5141 1358 5200 LX
1373 5151 1456 5218 p08t·
1475 5123 1587 5255 ‘3¹33

1501 5289 1565 5338 flant

72 4207 132 4276 tur,

92 5231 213 5301 quan,
235 5248 443 5323 magistratum
464 5249 595 5308 inierunt
615 5269 710 5326 neque
733 5261 801 5310 ante
824 5252 902 5308 6666
924 5249 1001 5307 diem
1019 5250 1054 5306 de
1069 5249 1176 5307 aliare
1191 5245 1454 5306 ullasddecurio-

1207 5345 1247 5405 8*
