3488 5828
313 475 382 547 172
896 487 1044 547 ausura

310 671 348 729 ad
371 671 448 729 hanc
469 669 565 746 ipsam
587 670 683 746 legem
706 669 837 748 capitum
859 671 923 728 eius
945 669 1086 728 indicatio
1108 671 1302 730 demonstrat.
1346 670 1443 748 Leges
1458 683 1557 731 autem
1584 671 1645 731 soi·

309 791 376 832 mus
403 773 568 850 appellatas
594 791 661 830 esse
687 773 898 849 imperatorum
928 774 1156 833 constitutiones
1185 775 1220 832 de
1246 776 1309 834 iure
1336 775 1510 850 municipali
1544 776 1646 850 deque

310 879 431 936 civitate
461 876 600 934 Romana
626 875 738 934 viritim
772 875 968 950 tribuenda1).
1012 875 1110 934 Notus
1142 883 1300 954 praeterea
1332 888 1378 936 est
1410 877 1579 936 communis
1614 878 1646 934 in
1715 877 1717 881 ’

310 981 415 1055 lingua
436 977 545 1036 Latina
567 996 638 1035 usus
660 978 807 1049 vocabuli,
835 977 914 1053 quod
943 988 988 1036 est
1013 979 1072 1050 lex,
1101 978 1139 1038 ad
1161 979 1346 1056 designanda
1372 989 1531 1056 praecepta
1553 997 1645 1056 regu-

310 1083 394 1142 lasve
416 1081 525 1157 quibus
547 1081 675 1156 collegia
697 1080 842 1138 sodalicia
862 1081 975 1156 templa
999 1082 1071 1140 fana
1092 1090 1122 1140 et
1143 1101 1220 1158 quae
1247 1090 1316 1140 sunt
1342 1083 1450 1142 similia
1471 1085 1645 1142 utebantur.

310 1185 386 1243 Eius
410 1203 481 1243 vero
503 1184 620 1259 generis
643 1183 747 1258 legem,
770 1183 819 1241 ubi
842 1182 878 1241 de
897 1183 1037 1262 vectigali
1052 1185 1241 1243 metallorum
1264 1185 1373 1263 agitur,
1397 1195 1430 1244 ut
1450 1185 1529 1244 iufra
1550 1204 1646 1262 appa·

311 1287 397 1360 rebit,
425 1287 519 1362 deque
546 1286 695 1344 locatione
723 1285 917 1343 conductione
945 1304 1003 1344 non
1031 1304 1120 1362 posse
1145 1287 1337 1346 constitutam
1361 1305 1425 1346 esse
1447 1288 1506 1346 nisi
1528 1297 1585 1348 aut
1607 1288 1646 1344 ab

312 1395 492 1466 imperatore
514 1389 591 1464 ipso,
615 1390 699 1447 cuius
722 1388 844 1446 metalla
865 1398 959 1458 erant,
982 1397 1032 1446 aut
1048 1409 1066 1446 a
1080 1400 1273 1466 procuratore
1294 1389 1492 1462 metallorum,
1515 1407 1647 1460 summo,

313 1501 346 1550 ut
367 1492 429 1550 dixi
451 1491 605 1566 probabile
623 1509 701 1562 esse,
723 1491 786 1549 eius
808 1491 996 1567 magistratu,
1020 1503 1131 1549 certum
1154 1502 1208 1549 est.
1254 1490 1330 1550 Cum
1351 1512 1427 1568 quae
1448 1493 1534 1550 initio
1558 1511 1648 1569 prae·
1705 1533 1707 1538 a

313 1596 425 1672 scripta
451 1594 572 1652 fuerunt
597 1594 656 1670 legi
683 1593 858 1663 interierint,
886 1613 924 1651 ex
946 1594 990 1650 eis
1012 1612 1088 1668 quae
1116 1605 1277 1670 supersunt
1299 1595 1446 1671 capitibus
1468 1595 1568 1670 qualis
1593 1595 1650 1652 illa

312 1698 403 1755 fuerit
428 1697 545 1772 generis
573 1696 797 1754 ratiocinatione
825 1707 906 1754 certa
933 1697 1102 1773 recuperari
1125 1698 1236 1774 nequit.
1280 1697 1350 1756 Non
1372 1697 1441 1755 huic
1461 1704 1562 1755 autem
1588 1716 1650 1754 me·

314 1801 387 1858 tallo
409 1807 534 1870 tantum,
562 1798 615 1856 sed
637 1799 705 1856 aliis
728 1816 846 1874 quoque
870 1798 982 1873 eisque,
1010 1817 1087 1874 quae
1109 1799 1174 1856 fisci
1196 1799 1325 1872 luerunt,
1353 1799 1482 1858 sortasse
1503 1799 1650 1858 omnibus

314 1903 391 1960 tales
419 1901 514 1959 fuisse
542 1901 623 1977 leges
650 1900 718 1958 inde
740 1900 863 1972 deduco,
890 1901 970 1976 quod
996 1901 1027 1958 in
1049 1902 1106 1960 hac
1128 1902 1195 1978 ipsa
1217 1902 1283 1978 lege
1306 1904 1351 1960 lac
1365 1905 1565 1979 ferrariarum
1589 1921 1651 1959 me-

315 2013 447 2062 moratur
469 2023 497 2061 v.
521 2003 575 2072 343
598 2021 663 2060 eam
685 2001 755 2060 huic
776 2002 835 2078 legi
858 2002 1099 2061 similem'fuisse
1121 2005 1275 2079 probabile
1298 2012 1351 2062 est.

398 2105 549 2166 Universa
575 2105 635 2176 lex,
667 2104 750 2163 cuius
778 2105 889 2181 exigua
914 2105 1042 2163 fortasse
1068 2117 1183 2164 tantum
1211 2115 1348 2181 superest
1379 2106 1535 2184 particula,
1574 2106 1653 2182 quid

316 2208 502 2279 continuerit,
526 2227 585 2265 nou
607 2208 702 2290 magis
726 2214 807 2264 corta
833 2207 1002 2266 coniectura
1024 2208 1145 2282 assequi
1166 2208 1245 2280 licet,
1272 2226 1362 2283 quam
1388 2210 1468 2285 quali
1491 2229 1527 2266 ea
1549 2209 1653 2268 forma

316 2311 413 2370 fuerit.
457 2310 535 2368 Illud
557 2318 655 2368 autem
678 2319 812 2384 apparet,
839 2309 869 2367 in
895 2310 1041 2386 capitibus
1068 2314 1131 2368 eius
1153 2329 1231 2386 quae
1253 2321 1412 2386 supersunt
1434 2331 1527 2388 paene
1552 2314 1654 2370 omni·

318 2415 374 2472 bus
402 2412 450 2489 agi
476 2412 512 2469 de
538 2412 687 2469 locatione
714 2411 910 2502 conductione
937 2432 1037 2470 rerum
1059 2413 1283 2488 officiorumque
1305 2413 1503 2472 diversissimi
1526 2416 1654 2491 generis

317 2537 336 2574 a
357 2521 550 2593 procuratore
572 2513 760 2572 metallorum
782 2515 971 2574 instituenda.
1017 2512 1106 2574 Certe
1132 2516 1197 2573 eius
1220 2516 1337 2592 generis
1359 2524 1519 2592 praecepta
1541 2527 1654 2593 potue·

317 2626 387 2678 runt
414 2617 569 2695 proposita
595 2634 661 2676 esse
683 2617 750 2692 lege
776 2617 910 2676 edictove
938 2617 1083 2694 singulari
1105 2617 1143 2676 de
1164 2618 1360 2676 conductione
1382 2618 1541 2676 locatione.
1591 2620 1656 2680 Ta·

317 2741 384 2780 men
406 2720 503 2796 magis
526 2719 681 2796 probabile
703 2726 750 2777 est
771 2719 884 2778 inserta
910 2738 946 2778 ea
966 2719 1060 2778 fuisse
1086 2719 1146 2797 legi
1169 2720 1258 2778 alicui
1280 2721 1435 2779 universae
1458 2722 1585 2780 metallo
1608 2724 1656 2782 illi

317 2823 499 2900 Vipascensi
521 2821 626 2893 dictae,
655 2840 715 2898 qua
736 2821 955 2882 administratio
983 2839 1116 2898 ususque
1139 2823 1202 2881 eius
1230 2823 1380 2881 tralaticio
1403 2833 1473 2898 puto
1497 2843 1583 2883 more
1607 2847 1656 2884 re·

319 2926 472 3003 gebantur.
516 2924 591 2981 Eam
620 2924 745 2982 indicari
767 2943 795 2981 v.
820 2924 858 2982 59
889 2941 981 2998 supra
1006 2923 1065 2982 iam
1092 2925 1155 2983 dixi
1181 2925 1336 3002 probabile
1362 2943 1440 2984 esse.
1483 2927 1517 2984 In
1539 2945 1655 2986 novem

319 3037 418 3086 autem
446 3026 522 3103 legis
548 3026 708 3102 capitibus,
740 3043 868 3101 quorum
896 3026 998 3084 titulos
1026 3026 1105 3084 infra
1133 3028 1299 3103 composui,
1333 3028 1454 3104 negotia
1485 3038 1515 3085 et
1548 3030 1657 3090 officia

320 3138 530 3188 enumerantur
551 3148 596 3202 ea,
626 3147 701 3205 quae
725 3127 872 3187 credenda
894 3138 964 3186 sunt
985 3129 1098 3186 metalli
1121 3130 1252 3203 domino,
1278 3129 1309 3188 id
1331 3141 1378 3188 est
1400 3132 1577 3207 imperatori
1600 3135 1656 3192 fis-

321 3251 394 3291 cove
416 3232 491 3302 eius,
518 3232 582 3290 iure
604 3237 757 3290 reservata
783 3231 887 3289 fuisse.
931 3230 978 3288 Ea
999 3241 1176 3306 procurator
1197 3232 1385 3291 metallorum
1414 3233 1655 3295 conductoribus

321 3335 441 3392 locabat
461 3334 512 3406 ita,
541 3341 574 3391 ut
601 3333 774 3410 pensionem
800 3333 843 3390 illi
870 3332 944 3390 fisco
967 3333 1117 3393 solverent
1144 3353 1281 3393 annuam.
1325 3333 1425 3393 Unum
1448 3344 1537 3411 caput
1562 3338 1657 3396 breve

321 3436 402 3513 quod
424 3444 469 3494 est
491 3436 527 3495 de
549 3436 611 3493 ludi
638 3435 790 3512 magistris
816 3435 1022 3494 conductionis
1044 3436 1203 3495 locationis
1223 3450 1414 3514 praeceptum
1437 3455 1497 3494 non
1519 3440 1657 3498 continet

322 3556 417 3615 neque
440 3537 531 3596 ullam
554 3538 641 3596 huius
669 3538 781 3614 negotii
803 3537 962 3596 exercendi
984 3556 1075 3598 causa
1096 3543 1271 3616 pensionem
1294 3539 1366 3597 fisco
1389 3539 1563 3598 solvendam
1588 3559 1657 3601 esse

322 3640 476 3718 praecipit.
520 3638 677 3716 Capitibus
707 3649 805 3699 antem
834 3659 942 3698 novem
971 3641 1108 3714 servatis,
1131 3660 1207 3717 quae
1229 3641 1382 3702 brevitatis
1405 3660 1497 3700 causa
1517 3645 1658 3704 numeris

327 3743 478 3820 distinguo
501 3743 532 3800 in
554 3743 621 3820 ipsa
641 3743 716 3820 lege,
740 3751 771 3800 ut
793 3743 867 3814 dini,
889 3760 949 3800 non
971 3743 1143 3819 adscriptis,
1166 3743 1196 3801 hi
1220 3743 1382 3819 praepositi
1406 3753 1476 3802 sunt
1497 3744 1594 3803 tituli:

427 3846 441 3903 I
464 3849 628 3904 centesimos
650 3848 832 3921 argentariae
853 3845 1047 3921 stipulationis

412 3948 443 4006 II
465 3951 626 4023 scripturas
642 3951 792 4023 praeconii

396 4051 442 4109 Ill
464 4050 571 4108 balinei
585 4051 707 4125 fruendi

304 4143 319 4170 ⁶
397 4153 441 4213 1v
463 4155 567 4212 sutrini

414 4255 596 4315 Vtoustriui

396 4357 442 4417 v1
465 4360 646 4416 tabernarum
661 4357 855 4434 fallaciarum

380 4461 442 4520 VII
465 4465 625 4537 scripturae
647 4465 859 4520 scaururr'orum
882 4471 908 4519 ct
929 4464 1107 4520 tectoriorum

367 4564 444 4623 VIII
467 4563 528 4621 ludi
549 4567 679 4638 magistri

395 4666 442 4725 IX
465 4669 663 4741 usurpationes
681 4676 831 4742 puteorum
853 4670 911 4725 siue
927 4669 1128 4742 pittaciorr'um

327 4767 476 4843 Quattuor
497 4769 604 4827 horum
626 4768 780 4826 titulorum
803 4769 866 4844 (Ill
888 4768 977 4826 IVV
1001 4768 1057 4844 Vl)
1080 4771 1181 4846 possis
1204 4778 1309 4846 putare
1331 4771 1469 4848 genetivo
1492 4791 1563 4831 casu
1585 4792 1656 4849 pro-

327 4873 396 4930 serri
419 4879 471 4929 aut
493 4872 535 4930 ita
549 4871 739 4948 explicando,
760 4881 791 4930 ut
812 4871 1001 4949 intellegatur
1016 4871 1173 4930 conductio
1194 4872 1306 4931 locatio
1320 4873 1433 4932 balinei
1455 4875 1581 4948 fruendi,
1604 4894 1655 4934 su·

403 5111 426 5174 ¹)
464 5114 532 5164 Vide
551 5129 616 5179 qnae
641 5129 672 5164 ea
697 5115 730 5163 de
749 5130 776 5164 re
795 5115 1010 5166 Mommseuus
1034 5116 1154 5180 exposuit
1175 5116 1202 5166 in
1221 5117 1407 5167 commentario
1427 5118 1461 5168 ad
1480 5118 1549 5184 leges
1567 5119 1655 5170 Mala·

327 5205 438 5257 citanam
457 5215 482 5256 et
495 5207 681 5272 Salpensanam
700 5223 725 5272 p.
741 5206 838 5258 390ss.
858 5209 969 5274 itemque
989 5209 1016 5258 in
1036 5209 1132 5260 enchir.
1151 5209 1215 5260 iuris
1233 5209 1328 5274 publici
1343 5209 1455 5262 Romani
1468 5212 1496 5262 11
1515 5227 1540 5276 p.
1555 5211 1655 5262 bibas.
