3496 5828
549 1495 1007 1606 ADDITAMENTA

430 1681 505 1761 AD
535 1680 743 1764 FASTOS
774 1680 902 1762 ANNI
933 1681 1134 1762 IVLIANI

423 1849 475 1924 (aa
499 1849 589 1908 voti
611 1871 639 1927 p.
657 1849 835 1922 sea-mm
859 1851 926 1926 epu.
947 1851 972 1921 1,
990 1850 1137 1926 33-41).

703 2019 855 2027 —-—--.--.

225 2161 261 2253 Ι.
306 2155 839 2255 HEMEROLOGIVM
870 2157 1328 2252 CAERETANVM.

103 2331 189 2456 Ex
214 2395 384 2454 suburbano
407 2393 584 2465 Caeretano,
609 2395 686 2453 unde
709 2395 822 2470 prodiit
843 2393 947 2452 titulus
965 2394 1155 2470 Vespasiano
1179 2393 1334 2454 dedicatus
1357 2417 1375 2454 a
1398 2415 1444 2456 se·

102 2505 181 2556 natu
208 2498 380 2575 populoque
403 2495 523 2556 Caerite
550 2497 646 2556 editus
673 2497 703 2555 in
731 2497 806 2554 uotis
834 2496 963 2556 instituti
986 2497 1204 2573 arohaeologioi
1228 2497 1392 2556 minoribus
1415 2520 1442 2558 a.

108 2599 192 2658 1874
216 2618 244 2675 p.
264 2599 331 2672 139,
358 2618 453 2675 nuper
475 2599 526 2674 qui
554 2617 605 2658 eas
628 2599 804 2658 effossiones
832 2599 1024 2657 instituerunt
1050 2599 1158 2658 fratres
1181 2599 1354 2658 Booeauera
1375 2619 1441 2675 pro·

102 2708 267 2760 traxerunt
287 2701 431 2760 fastorum
456 2701 608 2760 annalium
630 2701 762 2777 insignia
783 2701 960 2778 fragmenta,
989 2719 1064 2777 quae
1086 2701 1145 2759 iam
1168 2709 1305 2776 prostant
1327 2701 1443 2760 Itomae

103 2805 136 2862 in
166 2821 271 2862 museo
298 2805 395 2862 oivioo
423 2811 523 2878 empta
550 2822 644 2879 nuper
672 2803 902 2862 aeneatoribus
930 2803 1003 2862 eius.
1047 2802 1180 2879 Reperta
1208 2813 1276 2860 suut
1304 2804 1336 2862 in
1365 2821 1441 2881 opus

101 2906 258 2982 privatum
282 2905 437 2974 translata,
461 2905 575 2963 seilicet
604 2905 635 2962 in
661 2904 799 2963 eubiculo
829 2905 919 2964 villae
942 2905 1021 2963 iliius
1043 2903 1075 2962 in
1101 2905 1271 2981 pavimento
1293 2905 1442 2966 collocata

100 3008 218 3067 latent-e
247 3017 331 3082 parte
359 3008 485 3085 seripta3
514 3007 566 3064 sed
595 3007 663 3084 ipsa
688 3023 737 3064 res
764 3007 876 3065 indicat
904 3015 962 3064 tam
991 3006 1085 3066 iustos
1112 3009 1168 3066 hos
1191 3025 1280 3082 quam
1309 3015 1440 3067 statuam

101 3109 290 3186 Vespasiani
319 3109 390 3168 olim
419 3109 588 3187 prostitisse
620 3110 649 3167 in
686 3108 788 3186 oppidi
818 3110 884 3166 soro
914 3110 1024 3184 aliquo.
1077 3106 1247 3185 Supersunt
1272 3111 1441 3188 fragmenta

100 3213 238 3288 quinque
264 3211 424 3270 marmoris
452 3209 571 3283 Graeci,
593 3211 711 3270 minora
738 3211 805 3284 tria,
829 3230 905 3286 quae
928 3231 995 3270 eum
1019 3229 1122 3271 crassa
1145 3212 1205 3270 sint
1227 3231 1265 3270 m.
1282 3213 1310 3271 0.
1327 3213 1377 3286 05,
1400 3233 1439 3272 ex

99 3315 262 3394 superiore
285 3313 385 3372 tabula
406 3313 557 3389 supersint
579 3331 701 3372 necesse
724 3322 780 3385 est,
807 3315 922 3372 maiora
945 3315 1003 3372 duo
1027 3315 1184 3373 coniuncta
1206 3315 1267 3372 lata
1289 3333 1327 3372 m.
1344 3317 1372 3373 Ο.
1389 3315 1438 3388 68,

99 3417 167 3474 alta
182 3436 222 3473 m.
239 3415 266 3472 Ο.
285 3415 334 3487 30,
355 3433 459 3474 crassa
473 3415 679 3474 descrescente
694 3415 818 3474 inferius
839 3435 986 3474 marmore
1008 3418 1038 3474 iu
1055 3434 1171 3474 summa
1187 3425 1271 3494 parte
1287 3437 1325 3476 m.
1342 3419 1371 3475 0.
1387 3417 1438 3488 05,

96 3519 131 3576 in
155 3519 219 3576 ima
242 3536 280 3574 m.
298 3518 325 3576 0.
343 3517 391 3576 03.
436 3518 543 3596 Margo
572 3518 656 3577 adest
684 3517 821 3577 similiter
848 3519 994 3578 formatus
1022 3537 1088 3576 oum
1118 3518 1147 3574 in
1170 3518 1327 3596 fragmenti
1351 3519 1438 3577 unius

97 3621 229 3678 minoris
252 3629 338 3696 parte
366 3620 518 3696 superiore
546 3631 606 3678 tum
638 3628 698 3678 tam
726 3619 850 3678 inferius
878 3638 966 3695 quam
994 3621 1023 3677 iu
1048 3621 1138 3677 latere
1161 3620 1285 3678 intuenti
1315 3621 1438 3678 sinistro

94 3723 128 3780 iu
164 3721 330 3780 maioribus
362 3721 490 3781 duobus.
541 3722 589 3780 En
622 3723 796 3802 fragmentis
830 3722 997 3781 minoribus
1038 3741 1127 3780 unium
1165 3741 1224 3780 non
1258 3723 1347 3781 habet
1379 3722 1439 3782 nisi

95 3824 232 3900 vestigia
255 3841 394 3881 versuum
417 3825 549 3901 quinque
571 3825 734 3902 antiquitus
756 3843 920 3898 erasorum,
945 3825 1071 3883 alterum
1095 3840 1102 3867 ¹
1126 3825 1230 3883 hastae
1252 3833 1365 3902 partem
1388 3843 1437 3884 su·

94 3927 270 4004 periorem3
293 3924 412 3984 tertium
437 3928 492 3984 hoo
515 3937 575 3985 est:

720 4085 822 4222 ’ps-udo

729 4218 773 4330 'rs

728 4365 772 4461 ''Ji’

728 4447 756 4574 tr

90 4665 175 4722 quae
199 4645 384 4703 remansisse
407 4651 532 4720 apparet
554 4664 592 4702 ex
614 4643 712 4702 indice
734 4644 977 4720 praefationeque
997 4645 1203 4723 componenda
1224 4645 1346 4703 omnino
1368 4665 1434 4704 eum

88 4749 195 4807 iudice
230 4747 376 4804 fastorum
410 4754 469 4804 tam
503 4746 653 4804 armalium
687 4764 776 4822 (luam
813 4747 1040 4822 magistratuum
1064 4746 1288 4806 Venusinorum
1322 4747 1435 4822 (vol.I

88 4870 120 4926 p.
139 4847 237 4923 471):
261 4849 362 4924 [de]lla
376 4851 463 4924 saeta
485 4867 504 4905 a
527 4848 598 4906 bello
619 4847 760 4906 dlureieo.
805 4845 939 4906 Caerites
962 4849 1040 4906 euim
1063 4868 1128 4908 eum
1151 4849 1302 4907 civitatem
1324 4848 1434 4907 Roma·

89 4971 166 5012 narn
190 4950 307 5025 pridem
330 4951 430 5028 adepti
453 4959 563 5020 essent,
586 4958 691 5027 postea
713 4951 751 5007 ad
773 4949 977 5026 praefecturae
998 4951 1125 5010 formam
1147 4951 1434 5010 administrabantur

89 5053 225 5129 (Festus
248 5072 276 5128 p.
294 5051 368 5128 233)
391 5071 445 5112 nee
467 5053 605 5110 videntur
627 5069 701 5110 suos
727 5051 922 5128 nragistratus
945 5072 1046 5112 create
1072 5054 1209 5129 coepisse
1232 5061 1299 5111 aute
1323 5051 1432 5110 bellurn

87 5153 272 5214 Marsicum.
290 5187 327 5196 —
344 5153 461 5213 Maiora
479 5155 648 5230 fragmenta
663 5153 721 5212 duo
736 5155 895 5213 coniuncta
909 5155 1040 5232 quinque
1054 5155 1186 5234 priorum
1202 5155 1272 5214 anni
1286 5155 1430 5214 mensium

86 5267 212 5336 partem
237 5255 408 5314 inferiorem
430 5267 589 5315 servarunt
611 5256 640 5314 in
662 5257 739 5315 hune
762 5257 891 5316 modum.
909 5291 945 5299 -

735 4320 779 4361 Μ’
