3496 5828
402 475 453 524 an
481 474 621 528 naseos
649 475 888 528 consumens
916 476 1175 529 osetuonmos.
1405 459 1449 528 15

116 645 240 721 solique
263 644 422 704 Sardiniae
445 648 596 723 prioribus
620 649 751 724 Augusti
776 649 971 726 temporibus]
986 683 1025 692 -
1043 651 1081 707 A.
1105 649 1235 709 Licinius
1257 655 1293 708 A.
1310 653 1338 724 s.
1363 653 1400 708 A.
1422 671 1451 708 n.

115 748 223 805 Nerua
246 747 393 807 Silianaa:
414 749 452 807 ef.
476 749 553 807 Vell.
578 748 743 823 2‚116‚4:
771 751 805 809 P.
830 749 890 808 Sili
913 752 993 828 filiae
1016 751 1110 826 (quan
1132 755 1279 810 ciramea
1300 753 1453 828 quiintel·

115 849 190 907 lenit
210 852 322 926 quidem
345 851 458 908 abunde
483 855 605 910 miratus
632 862 682 922 est,
711 861 741 909 at
762 852 836 910 niltil
856 872 911 910 narr
934 857 1038 928 optimo
1060 857 1124 922 ciui,
1152 855 1363 929 eirnpliciaainto
1386 855 1454 912 daci

112 952 253 1027 perisset)
273 963 445 1029 praereptus
466 957 614 1012 immature
634 963 659 1011 ct
673 956 776 1028 fractu
796 954 991 1028 amplissimae
1010 957 1156 1031 principie
1178 959 1320 1014 amicitiae
1342 967 1366 1014 et
1387 974 1452 1014 con-

114 1058 304 1112 summatione
330 1065 439 1113 euectae
464 1059 495 1112 in
516 1055 688 1114 altiaannunt
705 1065 913 1132 paternumque
927 1059 1081 1132 suscipiam
1102 1059 1307 1132 mopnitudinia
1329 1059 1452 1132 desectae

115 1167 171 1213 est.
216 1156 377 1231 [Maiarum
401 1176 440 1215 ex
463 1157 625 1234 adoptione
648 1157 769 1214 nomina
791 1176 870 1215 nuno
892 1158 1009 1216 demum
1033 1159 1261 1235 cognoscimus}
1278 1192 1316 1201 —
1333 1159 1450 1216 Licinio

113 1256 241 1316 Nervae
267 1260 324 1316 hoe
353 1277 431 1316 anno
459 1259 615 1318 suffectum
641 1277 707 1318 esse
733 1258 883 1318 Lucilium
911 1259 1059 1336 Longum,
1087 1258 1238 1318 Creticum
1271 1281 1324 1338 per
1356 1271 1450 1318 totum

115 1379 231 1416 annum
255 1361 352 1418 fasc-es
375 1362 507 1436 gessisse
529 1361 693 1438 ostendunt
722 1361 791 1418 fasti
814 1361 995 1419 Amiternini
1017 1362 1109 1438 (Aug.
1136 1362 1198 1438 10),
1220 1364 1249 1421 in
1272 1363 1382 1438 quibus
1404 1373 1452 1421 est

115 1462 233 1519 Cretico
259 1474 284 1520 et
310 1463 413 1537 Lonpo
436 1482 501 1521 coa:
529 1463 565 1520 cl.
593 1463 740 1521 Marinius
770 1464 840 1521 Ara.
868 1483 896 1540 p.
916 1465 969 1534 153
1006 1463 1192 1538 Borghesius
1220 1483 1289 1541 opp.
1317 1465 1346 1538 5,
1375 1465 1450 1535 308;

113 1565 325 1623 Mommsenus
350 1565 380 1624 C.
403 1565 429 1623 I.
453 1564 491 1623 L.
518 1567 530 1622 l
556 1583 585 1640 p.
601 1564 671 1624 399.

685 1733 887 1741 -——-—--.

204 1853 333 1912 Adolius
348 1837 505 1932 Kiessling
528 1874 593 1912 eum
617 1855 647 1912 in
670 1854 756 1912 libris
772 1854 949 1913 Horatianis
971 1854 1163 1912 observasset
1184 1855 1309 1914 carmini
1331 1867 1449 1933 poetae,

113 1955 202 2031 quod
219 1965 355 2031 quartum
379 1967 425 2014 est
447 1957 514 2014 libri
530 1957 627 2032 primi,
650 1958 815 2033 praescribi
839 1958 935 2014 solere
951 1955 1130 2014 addentium
1148 1955 1307 2028 Quirinum,
1329 1977 1396 2016 cum
1419 1959 1449 2016 iu

110 2060 186 2134 ipso
210 2059 339 2116 carmine
362 2077 422 2116 non
445 2061 485 2116 sit
507 2060 564 2116 nisi
582 2057 674 2118 Sestii
690 2078 797 2117 nomen
814 2077 910 2134 neque
930 2058 1056 2116 alterurn
1078 2058 1140 2115 ullo
1157 2059 1217 2116 alio
1240 2059 1305 2116 loco
1320 2079 1339 2117 a
1360 2069 1449 2136 poeta

111 2161 300 2231 enuntietur,
328 2179 381 2236 per
403 2161 519 2220 litteras
546 2179 592 2219 me
613 2161 819 2236 interrogavit,
845 2161 875 2218 in
902 2159 1047 2218 fastorum
1070 2180 1096 2217 a.
1122 2159 1177 2218 731
1206 2161 1340 2237 reliquiis
1362 2182 1380 2220 a
1401 2182 1448 2220 are

110 2263 207 2322 editis
231 2262 273 2320 sie

625 2403 639 2443 l.
660 2403 738 2444 tertiat
757 2413 782 2453 p.
804 2401 820 2442 Ρ
842 2383 908 2442 VIBI
929 2412 944 2440 n

106 2570 237 2626 litterae
263 2569 332 2626 illae
359 2570 491 2645 quinque
517 2571 688 2628 dimidiatae
711 2588 809 2628 annon
834 2585 920 2641 thuu
943 2571 1045 2647 potius
1068 2569 1186 2628 luerint.
1231 2570 1276 2629 Re
1300 2589 1369 2628 vera
1390 2589 1447 2647 ego

106 2671 217 2747 lapide
240 2679 376 2728 accurate
397 2671 532 2748 inspecto
555 2690 715 2749 superesse
737 2671 1012 2752 repperixsslela.
1056 2671 1163 2747 Neque
1191 2673 1282 2748 igitur
1307 2673 1366 2730 iam
1393 2673 1446 2730 du-

106 2773 204 2832 bitari
229 2772 316 2830 debet
336 2773 373 2830 de
396 2774 537 2832 lectione:

565 2931 578 2970 l.
600 2930 679 2972 return
699 2940 723 2980 p.
739 2929 758 2978 s.
780 2931 793 2970 t.
815 2940 836 2969 n.
859 2911 1002 2982 anlrtus

199 3095 249 3154 De
272 3095 328 3154 hoc
350 3113 404 3154 suo
427 3097 548 3156 invento
570 3107 729 3174 postquam
753 3099 817 3174 ipse
837 3097 1044 3173 Kiesslingius
1066 3099 1211 3174 exposuit
1233 3097 1284 3173 (de
1304 3098 1445 3156 Horatia-

100 3218 223 3260 norum
245 3197 409 3256 carminum
432 3200 678 3277 inscriptionibus
701 3200 1012 3258 commentatiuncula.
1059 3199 1316 3277 Grypbisvaldiae
1341 3200 1445 3275 1876),

97 3320 166 3378 ego
189 3319 313 3377 quoque
335 3321 372 3358 ne
395 3301 424 3358 id
447 3320 500 3360 eos
522 3302 618 3378 fugiat
639 3303 690 3378 qui
712 3303 800 3360 fastis
825 3311 947 3361 utuntur
969 3321 1073 3360 curare
1096 3301 1192 3360 debui.

1164 3488 1203 3548 G.
1226 3489 1402 3565 Hnuznn.¹)

94 3567 320 3582 -e-—a-—n

183 3780 212 3844 ¹)
234 3779 310 3840 Quae
330 3778 450 3842 leguntur
470 3780 537 3828 iutra
557 3780 631 3829 unios
651 3778 798 3843 quadratos,
820 3780 913 3829 adiecit
933 3780 1117 3830 Mommsenus.
