3488 5828
743 1537 1205 1653 ADDITAlsslNTA

679 1711 757 1799 An
787 1709 1048 1796 couneus
1080 1710 1196 1794 vos.
1217 1711 1263 1794 n.

402 2041 463 2102 AD
484 2039 748 2104 PROVINCIAE
770 2037 984 2102 BAETICAE
1008 2037 1266 2102 CONVENTVS
1287 2037 1550 2104 ASTIGITANI

789 2142 880 2204 GAP.
896 2143 957 2204 VII
979 2140 1160 2204 SABORA.
1450 2169 1452 2174 v

306 2245 383 2389 A
408 2327 509 2388 Caieta
531 2327 561 2385 la
577 2325 652 2386 Beol
673 2324 817 2384 orientem
839 2342 944 2384 versus
965 2325 1051 2386 iuxta
1072 2323 1181 2383 collem
1202 2323 1300 2383 adhuc
1321 2324 1348 2382 el
1369 2341 1447 2383 cerro
1469 2324 1506 2382 da
1523 2322 1650 2384 Satara

305 2431 416 2490 dietum
440 2429 487 2505 (nt
501 2429 665 2505 affirmant)
685 2433 717 2487 et
735 2446 830 2505 prope
845 2428 925 2486 viam
944 2446 1023 2504 quae
1037 2435 1084 2486 est
1098 2427 1137 2486 ad
1150 2428 1196 2485 las
1215 2425 1325 2486 cavae
1341 2426 1387 2484 del
1400 2426 1541 2500 Beccrro,
1562 2428 1649 2486 inter

305 2533 433 2610 vestigia
454 2532 557 2610 oppidi
583 2531 697 2607 antiqui
719 2530 750 2588 in
772 2530 899 2590 collibus
922 2529 1011 2590 dictis
1034 2531 1070 2588 de
1094 2531 1313 2606 dicente-peones
1336 2529 1395 2588 late
1417 2529 1548 2605 sparsis,
1572 2539 1649 2590 ante

305 2655 395 2713 quam
417 2635 569 2694 acceditur
590 2634 629 2692 ad
651 2633 804 2709 praedium
828 2635 870 2692 los
893 2634 1008 2707 cortijoa
1031 2634 1065 2691 de
1085 2633 1116 2690 la
1138 2631 1260 2706 Colatio,
1281 2632 1363 2692 basis
1385 2637 1468 2689 extat
1489 2631 1554 2690 alta
1569 2653 1650 2692 vara

304 2739 451 2814 paedia,
476 2738 625 2797 medicale
650 2736 742 2796 caclo
763 2754 782 2812 p
805 2745 860 2794 tres
887 2744 1003 2795 casertan
1030 2737 1064 2794 de
1082 2738 1193 2812 fietne,
1219 2735 1365 2812 inscripta
1386 2735 1428 2792 ita
1450 2734 1582 2807 litteris,
1614 2747 1649 2794 nt

304 2842 438 2914 credunt,
459 2839 573 2899 saeculi
593 2839 682 2898 tertii.

304 2977 369 3038 142
392 2978 464 3054 (ius.
487 2987 557 3055 post
578 2997 606 3036 n.
626 2975 730 3054 1423).

697 3133 716 3172 '..
765 3126 1242 3172 asnislvs·slssrtna

698 3231 877 3285 qislNA

717 3332 949 3377 senonens
1199 3332 1239 3374 1s

730 3434 819 3544 'lvo
854 3434 1008 3478 SE·l’0
1104 3433 1213 3477 SVlT

387 3559 539 3619 Antonius
562 3559 599 3618 de
619 3558 773 3635 Aguilar
794 3577 814 3634 y
838 3555 921 3616 Cano
949 3557 1080 3635 repperit
1105 3557 1335 3635 exemplumque
1360 3557 1444 3616 misit
1468 3557 1645 3617 Aureliano

306 3660 483 3734 Guerrae,
505 3663 556 3739 qui
578 3661 670 3719 edidit
691 3664 796 3719 reuicta
818 3660 955 3718 historico
977 3677 1003 3717 a.
1023 3659 1102 3718 1876
1125 3679 1164 3718 m.
1187 3657 1270 3738 Sept.
1294 3659 1337 3732 (n.
1353 3658 1480 3734 XXIX)
1504 3679 1535 3735 p.
1552 3659 1631 3718 259.

387 3763 524 3842 Spatium
547 3765 627 3840 quod
649 3763 787 3822 consulto
811 3779 935 3820 vacuum
958 3761 1094 3820 relictum
1117 3772 1164 3820 est
1184 3762 1370 3821 continuisse
1386 3761 1494 3820 dicitur
1517 3763 1644 3838 signum

304 3867 426 3944 aliquod
452 3867 667 3943 anaglyphum,
702 3875 734 3923 ut
759 3873 880 3942 putant,
911 3884 950 3922 ex
976 3883 1046 3922 aere
1070 3865 1192 3923 factum.
1236 3867 1266 3923 A
1291 3865 1377 3923 laeva
1403 3863 1509 3922 deesse
1535 3865 1643 3925 versui

303 3970 354 4027 uni
383 3973 489 4046 cuique
515 3969 631 4026 litteras
658 3968 745 4026 binas
778 3974 928 4039 ternasve,
961 3976 1116 4044 praeterea
1145 3967 1242 4043 primo
1270 3968 1392 4026 exeunti
1419 3975 1536 4024 tantum
1566 3967 1643 4025 item

303 4071 378 4130 duas
400 4071 540 4142 veltres,
563 4078 718 4148 praeterea
732 4087 802 4128 vero
825 4069 909 4140 nihil,
932 4069 1055 4128 adnotat
1076 4069 1179 4129 editor.
1225 4069 1336 4128 Tribus
1359 4069 1530 4147 cognomini
1552 4077 1641 4147 post·

302 4173 403 4251 posita
427 4173 460 4231 in
488 4173 660 4250 regionibus
687 4171 748 4230 illis
769 4189 829 4230 non
851 4171 985 4231 offendit.
1029 4169 1099 4230 Nou
1121 4189 1197 4249 opus
1220 4173 1311 4249 igitur
1332 4191 1398 4231 cum
1422 4169 1543 4230 Guerra
1568 4189 1642 4250 sup·

303 4275 386 4350 plere
402 4273 555 4351 Siseo(aa)
577 4273 628 4349 [L.
638 4273 786 4351 s(ilins)];
812 4293 867 4333 nec
888 4274 974 4332 facile
997 4291 1161 4350 cognomen
1183 4293 1237 4350 per
1258 4275 1467 4352 compendium
1490 4273 1642 4350 scriptum

304 4375 528 4436 admittendum.
572 4376 687 4435 Versus
709 4377 807 4452 quarti
829 4377 1069 4454 supplementum
1092 4384 1216 4449 certum,
1239 4377 1298 4436 nisi
1320 4377 1418 4448 fallor,
1442 4376 1569 4434 debetur
1590 4377 1617 4436 F
1619 4379 1642 4436 i·

304 4478 364 4537 deli
386 4477 498 4537 Fitae.
545 4475 664 4538 Guerra
691 4480 727 4537 de
750 4478 882 4555 [AIJoose
904 4479 952 4536 vel
979 4478 1070 4537 simili
1097 4479 1226 4554 quodam
1253 4479 1301 4537 dei
1328 4479 1454 4538 alicuius
1485 4481 1642 4556 peregrini

303 4581 422 4639 nomine
458 4582 654 4659 cogitaveram
694 4580 748 4639 sed
788 4580 893 4639 titulus
930 4587 1032 4658 aperte
1067 4581 1242 4657 sepulcralis
1279 4589 1334 4639 est.
1377 4579 1499 4639 Nomen
1533 4583 1643 4657 oppidi

303 4701 392 4741 versu
417 4685 506 4742 tertio
533 4683 704 4760 suppletum
731 4684 768 4741 ab
796 4682 961 4742 editoribus
986 4693 1109 4760 propter
1136 4685 1227 4742 sitnm
1249 4702 1309 4742 non
1331 4689 1413 4743 caret
1434 4682 1641 4756 dubitatioue;

303 4804 372 4843 nam
401 4803 583 4862 quamquam
610 4802 682 4844 sane
711 4784 775 4843 lieri
802 4793 901 4861 potest
927 4792 960 4843 ut
984 4785 1075 4844 fuerit
1099 4785 1142 4844 ibi
1165 4784 1283 4846 Sabora
1305 4785 1447 4862 oppidum
1470 4803 1586 4845 novum
1609 4785 1642 4844 in

303 4887 428 4964 planitie
450 4895 629 4958 extructum,
652 4887 737 4946 cuius
759 4887 893 4946 meminit
914 4887 1045 4965 epistula
1061 4886 1243 4964 Vespasiani
1265 4888 1302 4947 ad
1325 4888 1520 4965 magistratus
1539 4885 1642 4948 Sabo-

304 5009 355 5046 rae
378 4991 490 5049 veteris
513 4989 588 5064 (vol.
604 4987 635 5045 11
659 4987 764 5064 1423),
791 4997 890 5047 tamen
912 4991 1017 5049 eodem
1043 4990 1107 5048 iure
1129 4999 1182 5048 ant
1202 4989 1341 5050 Berensis
1369 4990 1545 5066 simpliciter
1569 4991 1643 5066 (fuit

304 5091 383 5148 euim
409 5092 494 5151 Bora
523 5089 666 5168 oppidum
692 5089 841 5164 Baeticae,
876 5092 962 5150 cuins
995 5092 1108 5150 nummi
1140 5091 1259 5168 extant)
1289 5101 1342 5152 aut
1367 5091 1449 5152 alind
1470 5111 1583 5152 nomen
1611 5094 1642 5152 in

305 5191 422 5252 ..bora
443 5195 508 5255 sive
524 5236 532 5252 .
549 5235 556 5252 .
573 5195 672 5253 borum
693 5191 834 5253 desinens
856 5194 886 5253 in
908 5193 995 5254 titulo
1017 5193 1114 5254 fuisse
1140 5201 1263 5252 statues.
