3488 5828
493 563 569 614 ιιιιι
595 563 761 614 marnam
789 563 1041 616 transcensis.
1363 543 1432 615 181

187 733 264 793 Cum
286 735 411 794 scauriis
434 742 532 794 antem
556 737 734 813 argentariis
757 736 948 812 aerariisque,
972 753 1046 813 quas
1069 756 1096 794 v.
1111 735 1181 796 4617
1206 735 1346 812 supplere
1367 735 1437 794 licet

97 837 311 914 probabiliter,
343 838 563 916 coniunguntur
590 847 745 915 praeterea
770 839 891 916 pulvis
923 858 967 897 ex
994 839 1150 898 scauriis
1177 845 1207 896 et
1234 839 1437 897 rutramina

98 942 146 1016 (v.
163 940 228 1016 47).
272 939 410 998 Pulveris
437 941 529 1016 igitur
552 941 729 1000 vocabulum
752 959 812 1000 uon
834 960 956 1000 arenam
978 941 1094 999 videtur
1116 940 1295 1020 siguificare,
1317 959 1356 998 ex
1378 959 1438 1016 qne.

99 1061 209 1100 aurum
232 1043 423 1118 potissimum
446 1042 573 1101 lavando
595 1045 707 1102 scimus
730 1053 896 1102 extractum
919 1062 996 1116 esse,
1024 1044 1076 1102 sed
1103 1062 1170 1101 eum
1196 1043 1359 1121 pulverem,
1386 1041 1437 1118 qui

100 1145 233 1203 seaur'iis
254 1145 398 1220 testisque
417 1145 521 1204 fractis
542 1145 727 1221 relinquitur.
764 1145 965 1204 Rutrameu
985 1157 1083 1204 autem
1099 1145 1275 1205 vocabulum
1291 1155 1321 1204 et
1338 1146 1437 1220 ipsum

98 1247 177 1305 alibi
200 1247 330 1305 nondum
353 1255 495 1322 quantum
517 1248 580 1306 scio
602 1248 711 1306 lectum
734 1267 752 1304 a
773 1248 908 1307 rutrandi
931 1251 1021 1307 verbo
1043 1255 1123 1308 recte
1145 1247 1297 1307 derivatur
1319 1247 1399 1305 velut
1421 1265 1439 1302 a

101 1349 205 1406 flando
220 1349 336 1421 flamen,
360 1349 526 1408 evocando
543 1367 684 1408 vocamen
700 1351 819 1426 aliaque
835 1351 946 1408 similia
961 1370 1021 1410 non
1034 1369 1138 1427 pauca.
1175 1351 1324 1408 Rutraudi
1340 1357 1438 1407 autem

102 1452 229 1510 verbum
252 1472 270 1508 a
293 1460 376 1509 rutro
399 1453 520 1510 ductum
537 1452 585 1509 rel
605 1452 631 1510 si
647 1451 742 1510 mavis
759 1453 795 1512 ab
812 1453 914 1512 eadem
930 1453 1034 1512 ruendi
1054 1454 1153 1511 radice
1173 1463 1234 1511 tam
1252 1461 1365 1510 rutrum
1387 1469 1439 1507 no·

103 1573 177 1611 men
200 1573 288 1630 quam
311 1561 427 1612 rutrare
449 1555 579 1613 verbnm.
623 1553 751 1612 Rutrum
776 1555 872 1631 ligoni
893 1557 1029 1614 asciaeve
1052 1555 1150 1614 simile
1173 1573 1238 1614 esse
1260 1557 1439 1613 iustrumen-

102 1663 172 1714 tum
195 1656 293 1714 lexica
314 1658 434 1728 docent3
458 1656 573 1716 scilicet
594 1656 658 1716 eius
681 1658 800 1733 generis
823 1657 951 1716 malleus
974 1657 1090 1717 videtur
1111 1658 1214 1731 inisse,
1242 1677 1301 1733 quo
1324 1656 1439 1732 lapides

103 1777 122 1814 e
153 1759 250 1834 puteis
277 1759 387 1836 prolati
417 1758 630 1830 tundebantur,
663 1767 695 1816 ut
726 1758 869 1836 quidquid
901 1760 932 1818 in
959 1761 1002 1819 eis
1034 1760 1145 1818 metalli
1172 1767 1345 1835 superesset
1370 1757 1440 1816 inde

102 1862 308 1936 eruereturl).
353 1858 428 1920 Cum
444 1860 522 1918 infra
537 1881 564 1920 v.
581 1860 620 1919 50
636 1859 775 1936 coniungi
791 1861 958 1933 videantur,
981 1863 1008 1920 si
1024 1861 1113 1921 modo
1129 1871 1209 1921 recte
1225 1861 1439 1939 supplevimus,

101 1963 198 2038 ae[ris
214 1966 358 2040 aryeatioe
372 1960 590 2038 ru]trumtua²),
612 1963 752 2040 probavit
774 1964 846 2022 mibi
868 1963 1108 2024 Mommsenus
1131 1984 1166 2022 eo
1183 1963 1328 2022 vocabulo
1351 1964 1440 2022 etiam

103 2067 244 2126 scaurias
265 2065 477 2142 pulveremque
499 2065 686 2141 aliquatenus
707 2066 917 2142 comprehendi
938 2067 1084 2144 potuisse,
1107 2087 1173 2126 cunr
1196 2087 1232 2126 ea
1254 2085 1371 2144 quoqne
1393 2086 1441 2122 ru·

104 2176 159 2226 tro
181 2176 364 2244 pararentur.
404 2167 528 2226 Praeter
554 2168 772 2226 scaurariorum
794 2169 1043 2246 testariorumqua
1062 2187 1148 2246 opus,
1171 2169 1250 2245 qnod
1265 2169 1311 2227 bis
1333 2168 1363 2226 in
1386 2169 1442 2224 boo

104 2271 208 2346 capite
230 2270 319 2347 quale
341 2269 431 2328 fuerit
452 2269 601 2328 indicatur
624 2271 666 2347 (v.
683 2270 721 2328 47
739 2270 778 2330 48
802 2280 832 2329 et
854 2271 892 2330 53
910 2270 976 2346 54),
999 2281 1031 2330 nt
1052 2291 1124 2330 mox
1145 2271 1324 2343 ridebimus,
1346 2270 1442 2328 altero

105 2375 178 2432 loco
201 2373 267 2432 solo
290 2373 408 2431 additur
429 2371 747 2448 lapicaediuarum
770 2373 891 2432 mentio.
935 2373 1009 2432 Inde
1033 2374 1224 2432 testatiorum
1247 2390 1333 2448 opus,
1363 2371 1443 2447 quod

107 2477 145 2534 in
178 2476 284 2550 cepitis
319 2474 514 2552 inscriptione
543 2474 654 2534 diserte
685 2475 770 2534 iuxta
795 2476 1014 2534 scaurariorum
1038 2476 1217 2547 nominatur,
1245 2473 1375 2551 proclive
1398 2481 1444 2532 est

105 2579 151 2636 ad
173 2576 350 2654 lapicidinas
372 2577 494 2636 referre.
538 2575 654 2636 Tamen
678 2597 743 2636 cum
767 2597 795 2636 v.
812 2579 851 2637 54
875 2578 986 2652 lapidea
1009 2578 1121 2636 lausiac
1142 2597 1158 2634 e
1180 2576 1351 2653 lapicidinis
1373 2592 1443 2651 pro-

108 2680 215 2738 venire
237 2680 384 2750 dicantur,
406 2697 465 2737 non
488 2687 592 2749 testae,
615 2679 664 2738 bic
685 2671 804 2756 quoque
819 2680 919 2738 minus
942 2688 1079 2738 accurate
1101 2680 1152 2737 lex
1167 2677 1286 2736 videtur
1300 2684 1444 2754 concepta
1481 2661 1485 2670 ¹

108 2800 180 2840 esse
202 2781 441 2858 lapicidinaeque
469 2781 556 2857 quasi
582 2789 668 2838 extra
696 2782 829 2840 ordinem
851 2781 985 2840 adiectae
1007 2781 1044 2840 ad
1066 2781 1255 2840 metallorum
1278 2798 1363 2858 opus.
1408 2779 1444 2836 In

106 2886 177 2942 iure
204 2903 324 2960 quoque
353 2891 385 2942 ut
411 2883 491 2960 apud
517 2883 649 2957 reliquos
683 2884 843 2958 scriptores
876 2883 1055 2960 lapicidinas
1086 2884 1163 2942 inter
1190 2883 1311 2944 metalla
1342 2882 1445 2940 referri

109 2986 355 3045 Mommsenns
371 3004 409 3043 ex
422 2983 862 3055 codiceTbeodosianoXl9,8
878 2985 1027 3044 indicavit.
1052 2984 1136 3059 Quae
1148 2986 1233 3044 iuxta
1247 2985 1362 3061 lapides
1374 2985 1444 3042 item

109 3089 243 3166 primum
258 3089 290 3146 iu
309 3088 365 3146 hac
383 3088 449 3164 lege
471 3088 664 3146 nominantur
690 3086 846 3180 lamiae,
875 3105 927 3146 eas
948 3095 1073 3165 apparet
1092 3097 1157 3146 arto
1176 3089 1305 3164 quodam
1326 3086 1446 3146 viuculo

109 3192 232 3249 iunctas
248 3191 342 3248 fuisse
358 3208 425 3248 curn
440 3189 599 3264 lapidibus.
643 3189 777 3247 Pronum
793 3189 913 3266 quidem
929 3197 975 3249 est
990 3189 1025 3248 de
1041 3190 1159 3248 lavandi
1175 3190 1331 3249 lavendive
1345 3189 1446 3248 radice

111 3293 255 3370 cogitare,
279 3311 371 3367 aqua
391 3291 506 3350 lausiae
527 3300 688 3368 potuerunt
708 3291 837 3350 derivari
860 3292 997 3352 similiter
1013 3301 1045 3352 ut
1059 3293 1096 3352 ab
1118 3293 1269 3352 induendo
1284 3292 1467 3352 indusium..

114 3395 180 3456 Sed
199 3394 328 3453 lavando
349 3412 452 3452 aarum
468 3413 507 3451 ex
522 3393 678 3452 fluviorum
695 3413 784 3453 arena
798 3404 965 3454 extractum
977 3413 1045 3455 esse
1061 3396 1218 3467 novimns;
1242 3395 1348 3454 deinde
1360 3394 1447 3452 etiam

110 3498 269 3574 pulverem
284 3517 323 3555 ex
338 3495 464 3554 scauriis
479 3495 573 3554 lavari
589 3496 707 3554 solitum
723 3515 789 3556 esse
804 3505 1036 3556 consentaneum
1052 3508 1107 3557 est.
1138 3496 1219 3572 Quid
1234 3497 1264 3555 in
1278 3497 1448 3575 lapicidinis

112 3599 212 3658 lavari
233 3599 365 3676 potuerit
388 3598 508 3657 difficile
531 3599 713 3674 assequaris.
758 3597 953 3676 comparavit
974 3600 1221 3658 Buechelerus
1243 3600 1359 3658 lausias
1381 3617 1447 3656 cum
1493 3551 1501 3672 l

111 3701 270 3760 lautumiis
297 3709 327 3759 et
354 3719 421 3759 cnm
444 3701 637 3759 Dorieusium
667 3719 739 3759 voce
761 3691 827 3763 λεύς
849 3720 903 3778 pro
926 3703 981 3762 λᾶς
1008 3711 1152 3778 putatque
1180 3722 1219 3759 ex
1242 3701 1339 3760 laotits
1365 3710 1448 3759 ortas
1497 3675 1504 3784 l

112 3821 187 3862 esse
213 3810 245 3860 ut
266 3806 381 3860 notia-ra
404 3822 419 3859 e
441 3806 543 3861 nortia.
587 3801 703 3861 Tamen
726 3803 879 3863 lautomiae
901 3804 1080 3862 vocabulum
1103 3802 1322 3862 Graecanicum
1344 3812 1448 3862 estex
1498 3789 1506 3860 l

115 3903 237 3964 Graeco
257 3895 396 3974 λαοιιμῖα
419 3905 483 3964 sive
502 3895 623 3973 aaronica
646 3911 697 3963 ant
718 3909 865 3972 aurausica
886 3906 1031 3966 inflexum
1053 3915 1086 3964 ut
1108 3925 1146 3963 ex
1167 3897 1317 3961 Λαοδίκεια
1335 3903 1448 3961 Laudi·

116 4017 216 4066 occet
234 4005 386 4084 similiai).
430 4007 525 4066 Extat
550 4007 580 4064 iu
602 4007 707 4084 lingua
721 4005 889 4084 Hispanica
903 4009 1082 4068 vocabulum
1105 4008 1176 4081 losa,
1200 4008 1231 4065 in
1245 4005 1450 4082 Portugallica
1510 3967 1519 4065 l

117 4111 204 4168 lousa
231 4111 294 4168 sive
317 4110 399 4168 loom
427 4109 600 4187 significans
627 4109 758 4168 tabulam
782 4110 945 4187 lapideam3
972 4113 1029 4171 boc
1057 4110 1177 4170 sacculo
1204 4109 1449 4186 quartodecimo
1507 4084 1511 4157 l

645 4199 948 4224 wan-...mn
1504 4189 1510 4240 ¹

117 4333 324 4342 ———.—

199 4501 222 4563 ¹)
262 4503 349 4552 Minus
368 4503 545 4568 probabiliter,
569 4504 619 4554 nisi
637 4504 723 4567 fallor,
744 4504 1112 4556 Bnecbsenscbnetzius
1131 4521 1189 4557 eum
1209 4506 1393 4558 rutramiaibus
1412 4519 1452 4556 re·

119 4595 235 4643 trimeuti
255 4595 407 4646 vocabulum
428 4611 581 4662 componere
602 4598 690 4658 voluit,
718 4599 794 4662 quod,
821 4605 849 4647 at
867 4599 953 4648 lexico
971 4599 1072 4660 docent,
1099 4601 1175 4648 etiam
1198 4599 1230 4649 de
1250 4600 1361 4650 metallis
1380 4615 1452 4648 neur-

117 4686 244 4752 pabatur;
271 4695 300 4736 ut
319 4687 409 4738 Celsus
427 4690 525 4754 plumbi
545 4691 722 4739 retrimentum
742 4689 848 4741 Graecis
869 4685 976 4758 σκωριάν
998 4679 1128 4759 μολύβδου
1147 4707 1203 4743 esse
1223 4693 1327 4744 diceret.
1366 4691 1452 4755 Signi-

117 4779 208 4828 ficatio
228 4780 384 4841 estsimilis,
406 4782 479 4846 origo
499 4789 586 4847 aperte
606 4783 717 4845 diversa,
739 4799 795 4832 cum
816 4784 951 4834 reterendo
970 4785 1079 4836 fortasse
1099 4786 1239 4836 cohaerens
1259 4793 1287 4835 nt
1306 4800 1363 4836 eum
1383 4785 1452 4834 dete-

118 4872 204 4921 rendo
224 4873 413 4922 detrimentum.
817 4857 821 4874 ¹

200 4959 224 5024 ²)
264 4963 340 5024 Quod
360 4967 571 5018 Soromeuius
585 4967 755 5033 supplendum
769 4971 903 5034 proposuit
917 4967 973 5032 ae[o
983 4969 1140 5036 pulvereamve
1152 4970 1194 5020 ael
1205 4969 1358 5034 ru]tramr'ua
1376 4982 1453 5033 prop·

119 5065 193 5106 terea
212 5056 346 5120 probabile
365 5073 417 5108 aon
438 5065 484 5120 est,
509 5061 569 5124 quia
588 5075 632 5110 aes
651 5075 703 5110 uon
722 5069 851 5126 purgatur,
873 5063 918 5112 sed
937 5063 1025 5126 prodit
1043 5077 1076 5112 ex
1095 5062 1256 5128 purgatione.

199 5145 225 5212 ³)
263 5149 296 5198 Id
316 5150 385 5213 quod
403 5151 573 5202 Usenorus
593 5153 654 5202 olim
674 5153 749 5218 plene
769 5157 888 5219 exposuit
906 5156 933 5204 in
953 5168 1012 5204 ann.
1032 5153 1123 5218 pbilol.
1144 5169 1166 5204 a.
1189 5153 1259 5204 1865
1279 5169 1304 5218 p.
1321 5154 1417 5203 22'lss.

1193 5348 1229 5408 lb
