3516 5828
576 522 651 572 LEX
679 521 760 571 001..
789 519 1016 570 GENETIVAE.

568 997 1011 1082 COMMENTARJVM.

209 1220 461 1281 Commentariun]
484 1221 527 1277 ita
549 1220 674 1290 institui,
702 1229 734 1277 ut
755 1237 831 1294 quae
855 1235 891 1274 ex
915 1216 961 1274 his
984 1215 1095 1274 tabulis
1124 1233 1161 1272 ex
1185 1215 1288 1272 ordine
1311 1215 1456 1273 inventio-

117 1325 170 1382 nis
192 1333 297 1399 quarta
318 1323 481 1399 quintaque
504 1321 657 1391 accedunt,
680 1321 841 1396 adiungam
868 1319 1089 1394 quodammodo
1117 1318 1154 1375 ad
1182 1318 1455 1393 interpretationem

117 1445 212 1502 quam
238 1427 268 1484 in
297 1426 386 1483 huius
408 1425 475 1500 eph.
499 1425 557 1481 rol.
573 1423 605 1480 ll
629 1442 655 1498 p.
677 1423 848 1481 119-148
878 1421 945 1479 dedi
973 1420 1143 1478 tabularum
1166 1419 1253 1477 trium
1277 1427 1366 1477 antea
1388 1438 1455 1496 pro-

116 1530 264 1598 latarum,
296 1537 329 1586 ut
361 1536 509 1603 quatenus
542 1526 603 1584 fieri
638 1535 745 1603 potest,
775 1525 900 1583 eundem
929 1523 1061 1582 ordinem
1097 1521 1282 1597 eandemque
1309 1523 1454 1581 rationem

116 1629 171 1686 hic
194 1648 310 1707 quoque
333 1648 451 1706 sequar.
639 1703 641 1708 ,

207 1730 296 1804 Quod
320 1731 359 1788 ibi
375 1731 475 1788 monui
499 1749 527 1806 p.
548 1731 621 1808 119.
636 1729 694 1788 120
712 1731 857 1806 quaedam
881 1729 1006 1804 reperiri
1029 1728 1058 1785 in
1080 1728 1157 1804 lege,
1180 1746 1256 1803 quae
1279 1726 1370 1784 scribi
1393 1744 1452 1783 non
1467 1733 1520 1782 Lex
1543 1748 1594 1798 quo

117 1834 271 1910 potuerint
293 1833 350 1892 nisi
369 1831 499 1892 Caesare
522 1835 600 1904 viro,
624 1834 653 1890 id
676 1837 705 1890 in
729 1832 847 1889 tabulas
864 1849 940 1907 quac
963 1829 1107 1889 accedunt
1128 1829 1215 1888 etiam
1239 1829 1335 1905 magis
1358 1828 1450 1900 cadit;
1475 1823 1590 1910 “¹¹¹¹P⁰f⁰

116 1936 164 1992 ita
195 1935 303 2012 legitur
331 1955 355 1993 c.
384 1934 422 1992 06
456 1935 510 1992 in.:
548 1955 618 2011 quos
653 1936 802 2011 pontefices
840 1953 965 2010 quosque
1001 1951 1124 2010 cuperes
1158 1931 1193 1990 G.
1228 1931 1338 1990 Caesar
1370 1935 1452 2007 quive
1480 1899 1532 1947 ¹³¹⁸
1551 1907 1584 1948 δη

117 2041 202 2095 iussu
223 2041 282 2096 eius
304 2037 443 2096 coloniam
465 2039 612 2096 deduxerit
628 2039 741 2112 fecerit.
786 2037 883 2095 Erunt
911 2037 1039 2094 fortasse
1068 2037 1120 2111 qui
1148 2046 1307 2111 propterea
1332 2043 1453 2092 conten-

116 2139 193 2197 dent
214 2141 308 2217 legem
332 2141 473 2215 scriptam
497 2159 563 2199 esse
587 2147 724 2217 oportere
745 2147 813 2197 ante
835 2139 903 2197 idus
926 2139 1051 2198 Martias
1075 2158 1100 2196 s.
1120 2138 1190 2208 710,
1212 2137 1367 2215 legemque
1390 2139 1453 2195 An-

117 2243 233 2300 toniam
257 2256 450 2302 memoratam
474 2241 557 2316 5,12
581 2243 671 2300 latam
694 2260 761 2301 esse
788 2261 847 2300 non
869 2249 939 2318 post
960 2241 1073 2300 obitum
1097 2239 1262 2311 dictatoris,
1290 2240 1343 2298 sed
1366 2240 1452 2298 iussu

117 2344 187 2402 eius
210 2364 227 2401 a
249 2345 364 2420 collega
386 2344 518 2402 consule.
563 2344 669 2419 Neque
685 2361 761 2420 nego
777 2343 807 2402 id
824 2345 866 2403 ita
881 2345 942 2403 fieri
959 2344 1094 2421 potuisse
1101 2364 1109 2414 3
1126 2342 1221 2418 magis
1236 2353 1336 2400 tamen
1359 2342 1453 2400 credi·

116 2445 224 2518 derim,
252 2466 318 2505 cum
346 2447 524 2524 praesertim
552 2465 605 2522 per
632 2447 800 2505 universam
830 2447 925 2522 legem
955 2446 1073 2504 colonia
1100 2445 1217 2502 dicatur
1244 2445 1333 2502 modo
1360 2443 1451 2502 dedu·

115 2547 223 2619 cende,
247 2548 336 2606 modo
359 2548 496 2620 deducta,
523 2549 604 2606 cerni
631 2537 678 2606 hic
707 2550 888 2625 perturbatis
915 2548 977 2605 illis
999 2548 1184 2624 temporibus
1206 2547 1359 2624 propriam
1383 2565 1450 2604 con·

112 2649 266 2708 fusionem
289 2659 422 2709 actorum
445 2651 599 2709 dictatoris
623 2651 753 2709 defuncti
777 2649 968 2724 consulisque
991 2649 1171 2725 superstitis.

204 2752 398 2827 interpolatio
431 2763 577 2829 quatenus
611 2754 640 2811 in
674 2753 728 2811 has
762 2751 881 2810 tabulas
908 2761 1047 2827 grassata
1072 2751 1121 2822 sit,
1153 2751 1221 2809 inde
1249 2751 1448 2826 intellegetur,
1467 2753 1584 2816 Interpo-

113 2854 198 2929 quod
223 2855 366 2926 formula,
395 2855 431 2912 de
457 2874 517 2931 qua
544 2854 606 2912 dixi
633 2873 661 2931 p.
682 2854 750 2928 121,
777 2873 843 2912 cum
870 2854 1045 2930 plerumque
1072 2855 1103 2912 in
1130 2855 1178 2912 his
1206 2853 1248 2911 ita
1275 2854 1449 2929 reperietur,
1474 2835 1581 2884 ¹²¹fi⁰¹¹⁹⁵

112 2967 151 3012 ut
180 2955 306 3031 proferri
335 2957 412 3015 solet
442 2957 472 3015 in
501 2958 598 3033 prima
625 2966 655 3014 et
685 2955 815 3015 secunda
846 2957 961 3014 tabula:
994 2959 1108 3032 eiusque
1134 2959 1273 3031 pecuniae
1303 2958 1350 3012 cei
1377 2955 1451 3015 volet

107 3060 214 3132 petitio
238 3062 452 3135 persecutioque
478 3069 535 3118 esto
563 3059 626 3134 (13,
649 3060 696 3116 15.
718 3057 765 3116 22.
789 3057 857 3134 28),
885 3077 945 3116 uno
972 3058 1038 3116 loco
1066 3058 1130 3134 (13,
1149 3055 1202 3134 22)
1229 3057 1306 3116 adeo
1332 3078 1449 3117 reman-

113 3160 158 3218 sit
189 3160 346 3236 pristinum
382 3164 432 3236 qui
463 3161 536 3218 volet
568 3169 723 3237 praetcrea
755 3161 785 3219 in
819 3161 957 3219 universa
985 3160 1051 3238 lege
1073 3161 1151 3219 male
1173 3168 1317 3219 mutatum
1340 3161 1371 3218 in
1394 3164 1448 3220 cui.

114 3258 207 3333 Quod
230 3263 307 3322 solet
329 3263 398 3321 addi
420 3263 451 3320 in
474 3262 575 3321 tabula
597 3263 685 3321 tertia
706 3267 916 3338 recuperatorio
938 3264 1044 3320 iudicio
1070 3265 1151 3340 apud
1170 3263 1299 3322 Hatram
1317 3265 1448 3340 praesec-

112 3373 215 3433 tumee‚
242 3365 272 3421 in
295 3365 343 3423 his
358 3383 503 3442 nusquam
526 3365 647 3441 legitur3
671 3383 730 3423 uno
754 3373 850 3424 tamen
872 3365 940 3423 loco
963 3365 991 3435 9,
1012 3363 1029 3422 8
1054 3363 1132 3439 qnod
1156 3365 1307 3423 scribitur:
1334 3368 1449 3440 eiusque

108 3469 250 3540 pecuniae
270 3471 315 3524 cru'
331 3467 405 3526 volet
420 3471 530 3542 pertitio,
553 3467 650 3525 IIviro
664 3471 768 3543 quique
782 3470 844 3525 iure
860 3467 981 3524 dicendo
992 3470 1121 3542 praeerit
1135 3470 1244 3526 erectio
1258 3467 1448 3541 iudicetioque

114 3577 184 3636 esto,
207 3551 365 3627 re”eodem
389 3571 474 3628 redit.
519 3569 624 3628 Altero
648 3577 745 3628 autem
769 3569 832 3644 (13,
850 3568 882 3643 7)
910 3569 991 3644 quod
1017 3569 1043 3626 ei
1066 3569 1117 3644 qui
1139 3569 1219 3627 volet
1241 3568 1329 3626 datur
1347 3551 1446 3644 petitio

111 3673 274 3744 persecutio
297 3675 469 3747 croceoque,
492 3672 581 3748 plane
604 3671 807 3747 perturbatum
824 3679 883 3739 est3
907 3689 975 3728 nam
992 3670 1111 3728 exactio
1133 3670 1163 3727 in
1183 3669 1292 3728 iudicio
1308 3669 1445 3746 populari

113 3769 154 3826 ad
186 3773 393 3848 magistratum
425 3773 561 3848 pertinet.
606 3773 736 3831 Omnino
769 3773 859 3848 igitur
890 3772 946 3830 hae
975 3791 1093 3848 quoque
1122 3771 1242 3830 tabulae
1265 3789 1446 3848 quamquam

111 3891 175 3928 non
200 3874 354 3933 subierunt
379 3875 640 3952 interpolationem
669 3875 767 3946 talem,
797 3874 917 3949 qualem
945 3873 1032 3932 tertia
1058 3891 1201 3949 perpessa
1223 3882 1278 3946 est,
1308 3881 1337 3930 et
1362 3873 1447 3949 ipsae

112 3975 228 4050 pariter
249 3975 311 4034 fere
333 3986 422 4052 atque
443 3977 541 4054 prima
563 3975 751 4052 secundaque
774 3976 889 4053 passim
912 3983 1070 4052 corruptae
1092 3983 1162 4033 aunt
1183 3984 1213 4033 et
1234 3976 1264 4033 in
1280 3974 1446 4033 minoribus

111 4076 202 4133 etiam
226 4078 434 4155 interpolatae.

197 4178 245 4236 De
278 4180 517 4258 orthographicis
550 4200 609 4238 non
641 4181 779 4258 colligam
812 4199 890 4257 quae
924 4179 982 4238 iam
1011 4179 1158 4238 accedunt
1184 4179 1325 4256 exempla
1350 4178 1388 4236 ad
1409 4197 1446 4236 ea
1483 4189 1577 4241 Ortho-

110 4297 190 4354 quae
213 4282 367 4358 composui
391 4301 419 4357 p.
440 4282 507 4340 122.
533 4281 600 4341 123.
644 4282 726 4341 Addi
756 4293 857 4358 potest
883 4282 1007 4358 reperiri
1033 4283 1222 4358 quadriduom
1248 4279 1296 4353 12,
1311 4281 1340 4354 9,
1363 4281 1444 4358 quod
1462 4275 1585 4339 graphica

111 4382 207 4440 solum
234 4384 419 4458 probandum
450 4401 517 4443 esse
539 4384 595 4442 viri
622 4385 709 4461 periti
736 4404 794 4442 non
822 4385 975 4461 ignorant3
1008 4384 1077 4442 item
1106 4385 1262 4459 conlegium
1284 4383 1444 4460 quinquies

113 4484 202 4542 scribi
222 4485 269 4557 10,
286 4485 334 4544 35.
354 4488 401 4558 11,
420 4484 466 4542 12.
487 4488 533 4544 14.
553 4487 600 4544 17.
617 4485 666 4558 20,
687 4487 779 4544 semel
795 4487 942 4561 collepiem
959 4487 1006 4558 10,
1024 4484 1073 4556 38,
1094 4503 1219 4560 quarum
1235 4486 1396 4544 formarum
1412 4486 1443 4544 in

111 4586 168 4641 hac
194 4587 383 4663 ephemeride
409 4588 468 4646 alio
495 4589 563 4646 loco
587 4588 690 4663 (roll
713 4608 742 4665 p.
760 4589 813 4664 79)
837 4588 1039 4647 demonstrari
1069 4587 1152 4645 illem
1179 4586 1320 4647 Caesaris
1348 4597 1443 4646 aetate

112 4685 287 4760 obtinuisse,
316 4690 392 4748 hanc
415 4689 470 4748 sub
492 4689 730 4766 imperatoribus,
754 4708 813 4765 quo
836 4690 955 4748 demum
977 4699 1110 4766 tempore
1132 4689 1181 4748 lex
1206 4691 1236 4748 in
1259 4709 1327 4748 aere
1348 4688 1443 4747 incise

112 4797 166 4844 est.
211 4789 412 4850 Soloccismos
441 4791 539 4851 nullos
567 4791 677 4850 offendi
707 4800 825 4868 praeter
847 4793 972 4851 alterum
994 4794 1107 4850 aderint
1132 4791 1234 4864 10,12
1258 4801 1288 4850 et
1308 4790 1444 4867 publicae

117 4887 215 4960 1218
243 4911 298 4968 pro
322 4895 450 4968 publice;
485 4893 630 4952 accedunt
658 4894 817 4952 verborum
845 4894 1007 4953 divisiones
1034 4893 1172 4952 insolitae
1198 4894 1309 4970 munius
1335 4890 1442 4964 9,119,

114 4991 174 5066 qlue
197 4994 244 5065 10,
261 4993 363 5068 39111,
380 4998 407 5068 1,
430 4992 632 5075 arriplcissent
656 4996 703 5066 10,
720 4995 781 5055 617.

193 5093 326 5154 Litterae
350 5097 517 5175 singulares
539 5107 569 5155 et
590 5098 675 5174 ipsae
698 5105 749 5155 aut
771 5097 891 5156 aliunde
917 5101 991 5156 satis
1018 5105 1105 5156 notae
1132 5103 1201 5156 sunt
1223 5106 1275 5154 eut
1296 5103 1375 5154 certe
1397 5094 1440 5153 in·
1460 5100 1574 5150 Litterae

114 5197 332 5270 terpretationis
355 5197 525 5268 facillimae,
550 5205 581 5256 ur
602 5197 731 5276 rapere
755 5197 863 5275 recta)
889 5199 970 5272 ro,s
994 5197 1046 5274 (er.
1065 5199 1112 5270 ro,
1129 5197 1171 5273 e).
1446 5183 1587 5247 ungunta
