3496 5828
412 849 496 960 llll
531 845 749 959 118718
785 841 1333 957 81010007111878
1369 841 1476 959 QVI
1502 841 1682 954 vvud

611 1015 968 1130 AVGVRIBVS
1008 1013 1511 1125 ATTRIBVVNTVR.

392 1383 493 1508 Inter
514 1449 660 1506 fastorum
683 1445 913 1504 sacerdotalium
936 1443 1086 1520 lapidibus
1108 1443 1274 1500 incisurum
1299 1442 1442 1519 reliquias
1468 1443 1646 1519 primarium
1669 1443 1682 1500 f

393 1551 491 1610 locum
515 1550 630 1608 obtinet
651 1549 753 1606 tabula
775 1548 896 1625 lapidea
917 1566 1006 1623 quam
1027 1542 1187 1622 'repertam
1205 1545 1321 1604 Romae
1343 1547 1374 1603 in
1396 1544 1470 1602 aede
1491 1563 1571 1603 nova
1595 1543 1629 1604 S.
1647 1545 1682 1602 Pa

388 1653 422 1710 10
438 1652 586 1710 Vaticano
612 1650 691 1710 1596
714 1669 817 1710 mense
838 1645 938 1708 Iunio'
961 1649 1076 1724 primus
1099 1667 1135 1706 ac
1156 1649 1216 1707 nisi
1236 1647 1328 1706 fallor
1351 1665 1427 1705 nnus
1450 1647 1530 1724 typis
1553 1647 1682 1705 mandat

392 1754 485 1813 edidit
501 1753 648 1814 Gruterus
671 1773 700 1830 p.
717 1752 786 1824 300,
806 1754 838 1823 1;
861 1759 976 1827 septem
998 1751 1087 1826 primi
1109 1749 1230 1808 tabulae
1246 1768 1349 1808 versus
1369 1751 1459 1808 etiam
1481 1749 1560 1824 apud
1575 1748 1682 1808 Orelli'

392 1877 421 1914 n.
438 1856 498 1916 725
526 1875 565 1914 ex
593 1853 725 1915 Grutaro
753 1855 902 1930 desumpti
931 1853 1078 1930 leguntur.
1122 1851 1278 1911 Pertinere
1307 1852 1439 1911 tabulam
1466 1851 1505 1910 ad
1537 1852 1682 1911 sacerdot

391 1958 515 2034 aliquod
536 1957 739 2016 Romanorum
762 1957 931 2034 collegium,
959 1955 1151 2014 manifestum
1178 1967 1238 2024 est3
1266 1956 1384 2013 cuinam
1412 1962 1512 2012 autem
1535 1954 1666 2034 collegio

391 2061 581 2120 attribuenda
602 2079 668 2119 cum
690 2079 729 2119 ex
751 2061 818 2136 ipsa
840 2058 942 2118 tabula
963 2077 1023 2116 non
1046 2067 1200 2135 appareat,
1215 2057 1401 2133 Borghesius
1422 2057 1545 2116 definire
1568 2067 1682 2134 tempta

391 2162 525 2221 adhibito
540 2162 601 2222 alio
622 2162 789 2239 fragmento
809 2161 880 2219 item
902 2161 1048 2218 fastorum
1064 2160 1184 2236 collegii
1198 2159 1325 2218 alicuius
1341 2159 1529 2218 sacerdotum
1552 2169 1675 2236 reperto

391 2264 458 2321 foro
480 2263 618 2322 Romano
640 2283 667 2321 a.
693 2263 767 2321 1811
796 2263 922 2338 (editum
944 2275 990 2320 est
1011 2271 1080 2340 post
1102 2262 1178 2321 alios
1200 2264 1238 2320 ab
1262 2261 1406 2320 Henaeno
1429 2283 1457 2320 n.
1475 2260 1554 2320 6021
1587 2260 1678 2321 010.

390 2365 426 2424 L.
449 2367 475 2437 1,
497 2387 527 2444 p.
544 2365 629 2442 465).
673 2365 740 2424 Ηο0
766 2365 797 2422 10
823 2366 991 2442 fragmento
1017 2363 1052 2422 L.
1077 2361 1286 2442 Sempronium
1314 2364 1489 2422 Atratinum
1516 2383 1536 2420 a
1558 2363 1620 2423 714
1648 2365 1682 2423 10

390 2468 563 2527 0000110100
584 2485 651 2527 0000
673 2476 845 2545 cooptatum
867 2467 985 2544 legitur,
1013 2485 1101 2543 quem
1123 2466 1274 2525 hominem
1296 2467 1422 2525 eundem
1446 2483 1513 2524 esse
1536 2465 1682 2544 Borghesi

390 2571 494 2628 statuit
526 2589 562 2628 ac
593 2569 629 2628 L.
656 2571 831 2628 Atratinum
864 2569 915 2646 qni
948 2570 979 2628 in
1012 2570 1142 2627 nummis
1169 2569 1210 2626 M.
1236 2569 1362 2626 Antonii
1396 2565 1515 2643 (Cohen
1543 2567 1682 2646 Sempro}

392 2672 537 2748 12-16)
565 2689 661 2748 augur
682 2683 816 2744 vocetur;
845 2671 947 2746 itaque
968 2678 999 2730 et
1020 2673 1077 2730 hoc
1098 2671 1298 2748 fragmentum
1321 2688 1466 2747 augurum
1487 2670 1616 2747 collegio
1639 2683 1682 2731 att

389 2774 469 2846 buit,
492 2781 522 2832 et
548 2793 614 2833 cum
642 2774 672 2832 id
694 2781 810 2850 partem
833 2769 987 2849 (‘pezzo’)
1015 2772 1150 2832 crederet
1170 2773 1289 2832 tabulae
1311 2771 1393 2832 illius
1423 2771 1459 2830 de
1481 2791 1542 2848 qua
1560 2783 1630 2832 ante
1660 2777 1679 2834 d

392 2875 592 2936 Gruterianae
614 2897 643 2952 p.
660 2875 730 2948 300,
749 2877 775 2948 l,
798 2877 875 2934 hanc
896 2873 1016 2952 quoque
1038 2875 1170 2934 tabulam
1192 2875 1339 2957 fastorum
1360 2893 1506 2952 augurum
1522 2885 1640 2953 partem
1656 2895 1682 2935 01

388 2978 532 3038 iudicavit
562 2979 638 3054 (oss.
660 2997 741 3037 uum.
766 2979 795 3049 7,
812 2978 828 3035 7
844 2995 995 3036 :neura
1022 2977 1135 3050 1,349.
1160 2976 1244 3052 350).
1289 2976 1427 3053 Denique
1454 2979 1574 3036 tertium
1602 2997 1682 3055 quoq

389 3081 622 3140 sacerdotalium
649 3081 796 3139 fastorum
823 3079 1036 3158 fragmentum,
1065 3099 1084 3137 a
1103 3079 1248 3139 Fabretto
1271 3079 1342 3152 494,
1367 3080 1425 3140 188
1455 3087 1485 3138 01
1509 3100 1530 3138 a
1553 3081 1682 3141 Murato:

388 3201 418 3258 p.
435 3181 539 3254 350,2
563 3182 684 3253 editum,
707 3182 871 3260 auguribus
894 3183 1056 3258 adscripsit
1083 3181 1186 3257 (mem.
1209 3182 1277 3240 dell’
1301 3183 1370 3241 inst.
1397 3185 1424 3254 1,
1441 3180 1500 3243 258
1514 3209 1550 3233 =
1565 3201 1670 3243 oeuvr.

389 3283 473 3358 394).
518 3280 619 3343 Secuti
646 3292 717 3342 sunt
741 3283 943 3364 borghesinm
968 3285 1047 3342 inter
1073 3285 1151 3344 alios
1172 3283 1349 3360 Marquardt
1370 3284 1538 3344 Handbucb
1560 3287 1591 3358 4,
1614 3306 1643 3362 p.
1665 3290 1678 3346 l

388 3394 448 3444 001.
481 3386 559 3444 1070
587 3405 617 3464 p.
640 3385 699 3444 347
727 3399 787 3445 not.
812 3384 892 3445 2302
921 3395 952 3446 01
980 3386 1105 3446 Henzeu
1131 3387 1161 3444 ll.
1191 3406 1234 3446 cc.
1277 3387 1317 3445 Et
1344 3387 1572 3446 Henneniaunm
1600 3390 1682 3466 quid«

387 3487 587 3564 fragmentum
609 3495 688 3546 recte
711 3506 809 3563 exque
832 3491 907 3548 satis
929 3488 1036 3547 idonea
1058 3506 1150 3547 causa
1172 3509 1190 3547 a
1211 3489 1379 3566 Borghesio
1401 3490 1564 3566 auguribus
1587 3509 1656 3551 esse
1679 3519 1682 3549 1

388 3587 527 3648 tributum
554 3607 658 3649 omnes
683 3589 773 3648 facile
795 3591 967 3662 concedent,
995 3593 1048 3650 sed
1075 3591 1185 3666 quibus
1212 3591 1313 3650 causis
1345 3599 1445 3650 motus
1466 3592 1656 3669 Borghesius
1679 3613 1682 3650 1

387 3691 486 3750 bulam
520 3689 733 3751 Gruteriauam
767 3701 882 3768 partem
915 3710 983 3752 esse
1015 3694 1159 3765 fastorum
1193 3693 1327 3752 eiusdem
1361 3694 1479 3771 collegii
1513 3697 1655 3755 statuerit

388 3793 463 3852 hauc
485 3811 605 3869 quoque
627 3793 761 3852 tabulam
783 3795 821 3852 ad
846 3813 974 3872 augures
1002 3795 1159 3868 rettulerit,
1187 3797 1335 3872 quibusve
1363 3797 1463 3855 causis
1490 3805 1597 3873 postea
1618 3801 1682 3858 Mur

388 3895 535 3954 turianum
560 3913 679 3972 quoque
701 3895 832 3954 tabulam
849 3897 1014 3976 auguribus
1036 3898 1215 3970 attribuerit,
1237 3917 1333 3973 neque
1354 3899 1422 3974 ipse
1437 3897 1623 3975 Borghesius
1646 3920 1682 3961 sa

387 3996 602 4056 demonstrarit
627 4015 723 4073 neque
750 3999 778 4056 ei
806 3999 855 4074 qui
882 3999 914 4056 iu
941 4001 1091 4058 sententia
1118 3999 1183 4058 eius
1210 4001 1432 4076 acquieverunt,
1453 4020 1550 4078 neque
1573 4020 1629 4079 ego
1653 4024 1682 4080 pr

387 4099 491 4175 spicio.
537 4098 617 4160 Sane
638 4099 794 4158 intercedit
814 4100 978 4160 similitudo
1001 4101 1148 4178 quaedam
1174 4106 1251 4160 inter
1272 4101 1499 4162 Henzeuiauum
1526 4103 1608 4162 baud
1629 4105 1682 4163 dul

386 4201 425 4257 ad
447 4217 591 4276 augurum
613 4200 709 4260 fastos
731 4202 882 4276 pertinens
903 4203 1102 4280 fragmentum
1133 4215 1162 4262 et
1185 4203 1397 4263 Gruteriauam
1419 4205 1681 4284 Muratorianamq

387 4301 519 4360 tabulas:
542 4313 603 4362 tres
626 4303 697 4360 illae
719 4303 932 4380 inscriptiones
954 4305 997 4362 110
1019 4306 1203 4381 compositae
1225 4315 1297 4364 sunt
1318 4314 1360 4377 ut,
1383 4325 1448 4364 cum
1472 4314 1623 4384 cooptatio
1647 4330 1682 4369 00

388 4403 551 4464 sacerdotis
573 4405 729 4476 referatur,
758 4407 887 4481 primum
907 4415 1036 4483 ponatur
1058 4427 1166 4464 nomeu
1189 4409 1253 4466 eius
1275 4409 1326 4483 qui
1348 4419 1515 4485 cooptetur,
1542 4420 1606 4468 tum
1634 4413 1682 4471 1101

387 4523 445 4580 que
474 4505 595 4563 nomina
621 4507 776 4565 consulum
802 4525 930 4582 quorum
959 4527 1036 4566 anno
1065 4509 1214 4586 cooptatio
1241 4509 1280 4568 011
1305 4509 1384 4568 facta
1406 4519 1567 4584 ponantur,
1595 4531 1665 4571 cum

387 4605 454 4664 aliis
476 4611 527 4682 qui
550 4608 588 4665 ad
611 4625 666 4665 uos
689 4619 888 4684 pervenerunt
909 4610 1133 4685 cooptationum
1155 4611 1243 4670 festis
1265 4611 1394 4688 primum
1414 4613 1536 4670 uomina
1558 4615 1682 4672 consulu

386 4708 457 4785 poni
481 4709 608 4780 soleant,
631 4710 830 4786 cooptationis
851 4712 1000 4770 enarratio
1023 4713 1238 4787 subsequatur;
1266 4722 1299 4770 ut
1321 4713 1353 4770 in
1374 4713 1461 4772 fastis
1485 4714 1632 4774 sodalium
1656 4719 1682 4774 A

387 4810 608 4869 toninianorum
632 4809 770 4886 (Henzen
787 4812 891 4888 6053),
913 4813 944 4870 10
967 4814 1054 4872 fastis
1077 4813 1265 4873 sacerdotum
1287 4816 1318 4873 in
1340 4815 1413 4873 aede
1435 4816 1514 4873 lovis
1537 4811 1682 4894 Propugn

386 4913 461 4971 toris
490 4913 718 4972 consistentium
747 4912 999 4988 (nemeaeum.
1023 4914 1129 4991 6058),
1157 4917 1187 4974 10
1214 4917 1302 4976 fastis
1331 4915 1480 4977 Saliorum
1506 4916 1682 4978 Palatinoru

387 5013 510 5089 (Marini
533 5015 586 5072 atti
608 5035 636 5092 p.
657 5014 842 5091 165-167).
888 5013 949 5076 Sed
978 5018 1062 5076 solos
1084 5035 1211 5094 augures
1232 5018 1317 5076 illum
1340 5017 1475 5077 ordinem
1496 5019 1528 5076 iu
1550 5023 1682 5098 cooptati

386 5115 475 5174 nibus
498 5116 674 5175 enarrandis
697 5117 908 5176 observavisse
931 5137 1095 5196 omnesque
1117 5119 1237 5178 tabulas
1258 5120 1290 5178 10
1312 5121 1421 5195 quibus
1443 5120 1518 5181 ordo
1539 5120 1592 5180 ille
1615 5141 1682 5182 0001
