3488 5828
310 459 380 530 188
904 468 1050 527 nosnos

304 652 521 730 proc(aratore)
548 652 725 710 metallorum
753 656 886 710 immanes
914 652 987 728 ess[e
1005 651 1158 728 placet]¹).
1202 651 1262 709 Ubi
1290 653 1370 710 enim
1393 651 1569 711 immunitas
1592 655 1640 710 tri-

309 756 420 824 buitur,
442 755 483 812 ibi
507 773 630 812 munera
652 755 761 812 fuerint
783 772 905 812 necesse
928 763 975 812 est
997 763 1027 811 et
1050 756 1100 830 qui
1123 775 1154 812 re
1175 755 1341 830 municipes
1364 763 1478 826 essent,
1500 755 1571 812 licet
1593 774 1643 812 ro-

309 857 416 914 cabulo
438 875 473 914 eo
496 875 555 914 non
578 865 703 914 utentes.
748 856 886 914 Imitatur
908 857 1029 915 omnino
1052 857 1109 915 hoc
1130 857 1194 914 ludi
1218 858 1430 934 magistrorum
1453 857 1644 935 privilegium

309 935 526 1017 immunitatem
550 961 589 1032 ,in
612 979 643 1016 re
667 959 785 1034 publica
807 959 1009 1037 grammaticis
1039 977 1221 1030 concessam,
1254 979 1314 1036 qua
1342 960 1379 1018 de
1408 980 1442 1019 re
1470 963 1545 1018 satis
1574 967 1647 1016 nota

310 1061 437 1118 conferri
474 1071 602 1136 possunt
635 1062 809 1119 constitutio
846 1061 893 1118 Pii
931 1060 1016 1138 (Dig.
1046 1060 1101 1132 27,
1134 1064 1166 1132 l,
1196 1062 1229 1133 6,
1260 1061 1292 1137 2)
1330 1079 1467 1138 (paceque
1504 1062 1647 1138 exposuit

310 1163 452 1221 Kuhnius
475 1162 576 1237 (stcidt.
597 1163 672 1237 Vers.
693 1165 719 1233 l,
735 1163 772 1221 83
787 1163 875 1239 seq.).
911 1164 1017 1240 Itaque
1038 1163 1166 1240 exempli
1192 1165 1275 1223 causi
1297 1165 1412 1222 viarum
1440 1163 1647 1222 faciendarum

311 1273 341 1324 et
366 1263 591 1323 reficiendarum
619 1283 727 1324 munus
756 1266 793 1323 iis
820 1266 871 1341 qui
897 1266 976 1323 intra
1002 1267 1076 1324 fines
1104 1267 1215 1324 metalli
1245 1266 1438 1343 Vipascensis
1467 1267 1649 1323 habitabant

312 1365 449 1425 similiter
473 1366 616 1425 indictum
643 1375 689 1425 est
715 1377 803 1443 atque
825 1367 1012 1426 indicebatur
1033 1369 1149 1426 civibus
1176 1369 1219 1426 rei
1242 1369 1379 1444 publicae
1401 1368 1649 1443 qualiscumque;

271 1477 275 1484 '
311 1467 497 1528 indicebatur
523 1478 622 1526 autem
650 1478 682 1527 ut
707 1469 755 1526 his
778 1489 796 1527 a
818 1470 1041 1546 magistratibus
1069 1472 1143 1542 suis,
1170 1471 1212 1528 ita
1239 1471 1300 1528 illis
1329 1479 1565 1546 aprocuratore
1590 1490 1648 1527 me·

313 1571 462 1642 tallorum,
484 1589 570 1646 quem
593 1589 648 1648 pro
671 1572 849 1649 magistratu
871 1573 901 1629 in
924 1573 972 1630 his
995 1573 1151 1631 territoriis
1174 1573 1266 1630 fuisse
1288 1579 1523 1630 consentaneum
1547 1580 1607 1630 est.

395 1672 502 1750 Neque
529 1674 676 1732 eiusmodi
704 1673 852 1731 ordinatio
881 1675 920 1731 ad
947 1675 1067 1732 metalla
1090 1675 1154 1733 sols
1178 1675 1330 1752 pertinuit.
1374 1672 1472 1732 Simili
1496 1675 1562 1732 iure
1587 1674 1649 1732 fue·

312 1778 374 1835 rint
394 1794 516 1834 necesse
532 1783 580 1834 est
601 1776 749 1834 territoria
770 1775 937 1852 legionibus
960 1777 1111 1847 attributa,
1133 1795 1209 1854 quae
1233 1779 1427 1836 innotuerunt
1448 1795 1486 1834 ex
1510 1775 1652 1834 terminis

313 1878 460 1954 Hispanis
482 1878 637 1936 collocatis
664 1878 701 1936 ad
724 1878 884 1936 dividenda
910 1887 997 1954 prata
1023 1878 1150 1955 legionis
1172 1879 1235 1937 IlII
1259 1889 1288 1938 et
1316 1897 1419 1955 agrum
1446 1879 1653 1955 Iuliobrigen-

315 1999 376 2038 sem
404 1979 478 2055 (vol.
494 1980 526 2037 11
548 1999 577 2037 n.
594 1979 705 2056 2916),
738 1981 809 2038 item
836 2001 875 2039 ex
903 1981 991 2038 titulo
1018 2000 1112 2056 nuper
1138 1990 1257 2058 reperto
1283 1981 1414 2058 Aquinci
1447 1980 1553 2056 (huius
1583 1981 1652 2056 eph.

314 2082 414 2141 voli
442 2101 470 2157 p.
493 2081 552 2140 382
580 2102 609 2140 u.
631 2081 705 2156 696)
741 2082 839 2140 balnei
866 2101 885 2139 a
912 2083 978 2141 solo
1005 2083 1076 2142 lacti
1104 2087 1245 2142 territorio
1273 2084 1394 2160 lepioais
1422 2083 1461 2140 ΙΙ
1483 2085 1653 2141 adiutricis.

315 2184 395 2243 Nam
417 2184 471 2242 illa
492 2183 615 2259 praedia
636 2191 762 2255 constat,
788 2185 862 2242 haec
887 2185 1045 2262 probabile
1068 2195 1114 2245 ost
1140 2186 1232 2244 fuisse
1260 2195 1346 2244 extra
1374 2185 1528 2244 territoria
1550 2205 1653 2244 rerum

316 2287 512 2364 publicarum.
548 2285 663 2344 Eodem
678 2286 759 2344 ducit
773 2288 853 2362 quod
869 2288 973 2346 scribit
989 2287 1152 2346 Frontinus
1168 2289 1205 2345 de
1219 2297 1313 2346 contr.
1330 2307 1393 2364 egr.
1410 2307 1439 2362 p.
1452 2287 1491 2345 46
1509 2287 1654 2345 Lachm:

316 2393 456 2448 interrae
480 2389 613 2462 publicas
641 2407 697 2446 noo
724 2391 901 2446 mediocriter
928 2391 1086 2447 eiusmodi
1113 2390 1241 2464 (scilicet
1262 2391 1299 2448 de
1325 2389 1426 2464 modo)
1456 2393 1657 2447 controversia

317 2491 386 2549 solet
409 2494 538 2559 exerceri,
560 2509 645 2565 quam
660 2491 828 2566 frequenter
849 2492 977 2550 coloniae
997 2491 1098 2550 babent
1120 2510 1181 2549 cum
1202 2492 1320 2549 coloniis
1343 2501 1393 2548 out
1414 2494 1581 2568 municipiis
1607 2501 1659 2548 aut

317 2593 437 2651 saltibus
464 2591 599 2650 Caesaris
627 2601 676 2650 aot
699 2595 833 2667 privatis.
877 2593 914 2649 In
943 2593 1114 2652 uuiversum
1144 2594 1267 2668 praedia
1294 2593 1411 2652 fiscalia
1439 2603 1657 2668 procuratores

318 2713 389 2753 suos
418 2695 567 2767 habentia,
600 2695 701 2770 qualia
729 2704 798 2752 sunt
826 2695 919 2753 saltus
949 2696 1195 2754 Carminianenses
1223 2701 1253 2753 in
1279 2695 1419 2754 Calabria
1448 2693 1535 2770 (Not.
1562 2691 1657 2771 Dign.

318 2795 389 2856 Oce.
414 2795 461 2868 12,
485 2797 521 2854 18
550 2795 675 2870 Seeck),
706 2798 832 2871 praedia
857 2797 982 2855 saltuum
1008 2799 1204 2874 Hipponensis
1238 2809 1264 2856 et
1293 2797 1455 2855 Thevestini
1487 2797 1519 2852 in
1547 2796 1659 2854 Africa

319 2898 445 2974 (Renier
467 2917 496 2954 n.
513 2897 620 2972 2343),
654 2897 714 2956 alie
745 2898 901 2976 diligenter
933 2919 1029 2976 nuper
1055 2901 1223 2974 composita
1250 2901 1287 2957 ab
1314 2897 1520 2957 Hirschfeldio
1549 2909 1659 2957 nostro

320 2999 612 3076 (Staatsaerwoitaap
635 3018 663 3075 p.
682 2998 820 3076 24seq.),
843 3002 998 3078 probabile
1017 3014 1062 3060 est
1083 3001 1178 3060 fuisse
1200 3009 1286 3058 extra
1308 3000 1458 3058 territoria
1479 3000 1660 3058 civitatibus

320 3102 463 3161 attributa
487 3121 583 3178 neque
609 3102 802 3178 magistratus
830 3103 908 3161 ullos
935 3104 1084 3176 habuisse,
1113 3104 1167 3162 sed
1193 3104 1291 3162 locum
1318 3103 1550 3179 magistratuum
1580 3103 1662 3160 obti-

320 3206 424 3264 nuisse
445 3213 666 3282 procuratores.
710 3203 758 3264 Ne
785 3205 970 3280 privatorum
995 3205 1113 3280 quidem
1141 3207 1352 3282 possessiones
1376 3203 1513 3262 similiter
1535 3206 1660 3262 ordina-

322 3317 369 3365 tas
392 3323 460 3365 esse
481 3307 615 3382 potuisse
636 3307 821 3382 negaverim3
850 3314 929 3367 certe
954 3307 1114 3366 latifundia
1141 3325 1197 3366 sex
1222 3306 1343 3364 illorum
1365 3305 1553 3364 dominorum
1580 3325 1661 3384 quos

322 3411 487 3484 imperante
500 3406 621 3466 Nerone
644 3408 800 3468 semissem
815 3409 938 3468 Africae
959 3409 1133 3485 possedisse
1152 3409 1271 3467 Plinius
1295 3409 1346 3480 ait,
1369 3409 1422 3465 vix
1445 3407 1593 3467 credibile
1616 3419 1663 3468 est

322 3510 432 3569 linibus
453 3510 619 3569 civitatium
641 3511 705 3569 eius
727 3511 900 3587 provinciae
922 3513 1140 3590 comprehensa
1159 3511 1261 3570 luisse.

405 3611 522 3670 Eodem
544 3612 640 3670 resero
660 3631 738 3689 quae
760 3614 882 3672 saeculo
904 3614 1007 3690 quinto
1022 3623 1052 3672 et
1073 3615 1212 3690 deinceps
1235 3613 1425 3672 inveniuntur
1447 3629 1495 3671 res
1517 3613 1664 3690 publicae

323 3715 549 3791 magistratibus
577 3714 738 3774 destitutae
770 3727 800 3772 et
828 3716 1006 3775 constitutae
1039 3717 1095 3775 sub
1128 3716 1193 3774 solo
1227 3713 1425 3790 defensaret).
1470 3713 1664 3774 Crediderim

323 3825 420 3876 autem
443 3817 615 3875 universam
641 3819 719 3876 hanc
747 3817 964 3876 ordinationem
987 3820 1025 3876 ab
1046 3817 1191 3876 institutis
1213 3816 1360 3875 Romanis
1383 3818 1600 3876 abhorrentem
1625 3839 1665 3877 ex

324 3920 464 3996 Aegypto
487 3919 634 3978 adscitam
657 3937 733 3992 esse,
762 3938 852 3995 quam
879 3920 922 3976 rei
951 3919 1046 3978 fiscali
1070 3921 1177 3977 aetatis
1204 3919 1412 3996 imperatoriae
1434 3920 1665 3994 quodammodo

325 4039 459 4079 normam
482 4022 663 4097 imposuisse
685 4023 759 4080 satis
781 4021 935 4097 probabile
958 4029 1014 4080 est.
1059 4020 1149 4094 Quod
1171 4022 1198 4079 si
1219 4022 1262 4079 ita
1284 4033 1339 4092 est,
1363 4021 1461 4079 minus
1480 4022 1667 4081 mirabimur

324 4122 471 4182 eiusmodi
497 4123 678 4182 territorium
706 4142 809 4182 carere
836 4124 956 4181 nomine
978 4125 1058 4182 iusto
1080 4122 1205 4181 Latino:
1235 4131 1313 4182 certe
1337 4122 1420 4181 vicus
1443 4141 1515 4198 pars
1543 4134 1595 4183 est
1619 4144 1667 4184 co·

324 4291 528 4300 ——n———n-

403 4425 427 4486 ¹)
466 4425 495 4479 Si
514 4433 641 4477 servatum
660 4433 727 4477 esset
746 4427 917 4492 verbumque
937 4427 1001 4476 haec
1020 4434 1150 4492 reguntur,
1171 4426 1280 4476 fortasse
1293 4441 1374 4490 genua
1392 4427 1456 4491 legis
1469 4426 1548 4476 huius
1568 4431 1671 4480 certius

325 4519 387 4569 inde
407 4518 564 4569 definiretur.
603 4521 692 4570 Potest
712 4521 818 4585 cogitari
845 4521 877 4568 de
896 4519 1073 4584 supplemento
1093 4519 1139 4568 tali
1160 4515 1225 4580 ess[e
1244 4517 1322 4582 volo]‚
1349 4525 1377 4566 ut
1402 4519 1524 4582 loquatur
1551 4520 1671 4586 impers-

326 4619 374 4660 tor.
413 4611 539 4663 Similiter
552 4627 575 4659 v.
592 4613 608 4660 2
623 4613 666 4672 23,
687 4611 731 4661 ubi
749 4613 809 4678 imp.
829 4619 855 4660 et
877 4607 947 4662 Caes.
967 4612 1149 4676 supplevimus,
1170 4617 1309 4676 potuerunt
1326 4612 1387 4660 item
1408 4611 1523 4675 suppleri
1544 4612 1672 4663 adhibito

327 4702 453 4752 vocabulo
471 4703 526 4752 mei.
565 4703 617 4756 Sed
637 4718 791 4769 quamquam
812 4704 918 4754 dubium
939 4719 990 4753 non
1011 4710 1048 4752 est
1067 4702 1100 4753 ab
1120 4705 1275 4767 imperatore
1295 4704 1377 4768 legem
1391 4702 1486 4752 dictam
1501 4717 1567 4764 esse,
1591 4721 1672 4770 prae-

328 4795 429 4846 tulerim
449 4795 475 4844 id
495 4795 564 4860 quad
582 4796 723 4860 posuimus.

403 4883 428 4948 ²)
467 4887 598 4937 Honorius
618 4896 644 4938 et
663 4888 827 4939 Theodosius
847 4889 1158 4950 cod.Theod.s,12,s
1179 4901 1202 4936 a.
1216 4885 1285 4936 415:
1306 4887 1332 4934 ia
1346 4887 1492 4954 prouinciis
1512 4886 1585 4954 apud
1600 4905 1669 4955 pro-

328 4979 467 5028 viaciomtm
485 4986 595 5030 rectores
614 4979 661 5040 cel,
682 4981 706 5030 ci
718 4987 825 5047 praesto
844 4997 893 5031 aaa
904 4981 1012 5046 sicorim,
1034 4979 1103 5049 apud
1121 4979 1285 5045 magistratus
1302 4979 1467 5046 municipales
1487 4979 1536 5040 vel,
1556 4981 1582 5027 si
1602 4983 1669 5030 ciri-

329 5077 368 5119 tos
386 5069 428 5119 cel
446 5070 563 5139 oppidum
577 5088 682 5122 ...aaa
701 5070 792 5122 babeat
810 5074 981 5139 magistratus,
1002 5073 1072 5140 apud
1089 5071 1242 5138 defensorem
1257 5068 1350 5138 plebis.
1385 5072 1484 5122 Eadem
1506 5073 1622 5122 redeunt
1643 5076 1671 5124 in

329 5161 384 5224 lego
404 5163 499 5213 Leonis
519 5163 667 5214 Cod.1nst.
689 5166 714 5226 8,
736 5163 769 5215 53
792 5161 859 5227 [54]‚
881 5166 924 5226 30,
946 5167 970 5215 1.
