3496 5828
306 409 326 477 7
332 408 352 476 2
898 427 1042 478 sennan

304 602 432 680 imperio
455 602 485 659 in
509 601 563 658 tali
587 619 705 676 quoque
728 601 935 659 communione
958 601 1065 660 ceteris
1087 602 1243 678 imposito:
1267 602 1295 659 id
1312 602 1391 678 quod
1414 612 1533 680 praeter
1550 602 1645 680 Capi-

306 707 432 764 tolinam
461 701 667 778 Graecamque
700 701 819 761 Cereris
841 702 968 761 Liberae
991 703 1075 761 Libri
1097 705 1200 762 aedem
1228 724 1265 761 an
1289 722 1419 779 unquam
1442 704 1559 763 Romae
1583 707 1646 764 fac-

307 821 369 867 tum
393 808 433 864 sit
455 805 568 864 dubito.
612 805 752 882 exempla
774 804 843 862 novi
865 805 958 865 nulla.
976 837 1013 847 —
1031 806 1239 864 sociandorum
1263 806 1417 865 numinum
1442 825 1553 866 causae
1576 827 1647 866 curn

306 911 416 971 fuerint
431 907 610 984 complures,
626 907 804 984 praecipuae
819 907 904 966 fuere
919 926 1021 965 eorum
1037 908 1176 984 coniugia
1191 916 1279 984 atque
1294 910 1475 985 parentelae.
1514 911 1570 968 sed
1587 911 1648 968 hcc

307 1013 434 1073 nonita
455 1009 660 1086 accipiendum
683 1027 749 1068 esse
771 1011 854 1067 utin
878 1009 1051 1068 maritorum
1074 1009 1159 1069 cellis
1180 1029 1292 1070 uxores
1316 1011 1425 1088 ubique
1447 1021 1647 1072 consecratae

308 1116 418 1174 fuerint
439 1113 579 1189 exempla
601 1111 717 1170 docent.
761 1112 804 1169 ita
829 1111 866 1169 ad
888 1110 993 1169 Lunae
1021 1111 1132 1170 factum
1159 1121 1207 1170 est
1227 1111 1332 1170 Lunae
1361 1123 1391 1172 et
1413 1112 1477 1175 Soli
1503 1115 1591 1172 cuius
1615 1115 1649 1172 in

308 1215 459 1293 Quirinali
487 1214 630 1292 templum
656 1213 721 1271 fuit.
765 1222 869 1271 contra
897 1212 935 1269 ad
961 1213 1114 1288 Apollinis
1142 1213 1253 1272 factum
1282 1214 1418 1290 Apollini
1447 1225 1476 1272 et
1504 1215 1649 1274 Latonae

310 1321 356 1380 eui
379 1317 524 1393 templum
547 1334 634 1374 suum
657 1314 771 1373 Romae
793 1333 853 1372 non
875 1315 992 1372 videtur
1013 1315 1124 1386 fuisse3
1147 1316 1218 1375 item
1240 1315 1277 1374 ad
1300 1316 1433 1376 Telluris
1454 1317 1567 1376 facturn
1590 1316 1648 1376 Ce-

310 1422 367 1481 reri
385 1453 422 1463 -
439 1437 567 1495 quorum
591 1418 744 1475 numinum
767 1417 1005 1475 coniunctionem
1028 1416 1164 1476 doctrina
1187 1417 1371 1477 Graecanica
1393 1419 1470 1476 male
1497 1421 1651 1497 interpre-

310 1533 373 1584 tata
395 1532 449 1580 est.
494 1519 619 1578 feliciter
646 1529 744 1577 autem
773 1519 872 1576 evenit
902 1527 934 1576 ut
960 1519 1137 1596 templorum
1167 1521 1291 1579 duorum
1314 1519 1451 1580 Castoris
1474 1531 1504 1580 et
1526 1521 1651 1598 Vespa-

311 1628 390 1686 siani
416 1623 524 1682 rudera
553 1629 657 1680 extent
682 1621 725 1678 ita
752 1630 924 1697 comparata
955 1627 988 1679 ut
1016 1641 1095 1680 nune
1117 1641 1236 1699 quoque
1263 1641 1480 1700 cognoscamus
1508 1623 1651 1702 singulas

312 1728 433 1804 singula
456 1725 549 1784 cellas
571 1723 722 1782 habuisse.
767 1742 821 1782 nec
848 1723 936 1782 facile
964 1714 1123 1800 p'ristinum
1151 1725 1271 1784 schema
1297 1732 1349 1783 aut
1375 1725 1462 1784 buius
1486 1725 1572 1784 aedis
1596 1725 1653 1786 Se-

313 1847 400 1890 verus
424 1837 453 1885 et
475 1827 645 1884 Antoninus
668 1835 719 1883 aut
741 1825 821 1884 illius
845 1824 1037 1884 Domitianus
1060 1827 1171 1902 quique
1197 1835 1304 1903 poste-a
1332 1828 1527 1887 aedificarunt
1550 1837 1652 1886 muta-

312 1935 423 2001 verint3
457 1930 548 1986 immo
576 1928 658 1985 illius
686 1928 888 2002 pavimentum
921 1928 1031 1986 facturn
1060 1937 1128 1986 ante
1155 1935 1283 1988 aetatem
1310 1928 1475 1988 Domitiani
1508 1941 1656 2007 superest

313 2035 432 2094 sublato
455 2050 490 2089 eo
513 2029 594 2105 quod
617 2029 665 2088 hic
686 2029 713 2088 ei
734 2037 840 2106 postea
862 2031 1074 2107 superstruxit.
1118 2031 1202 2107 atqui
1225 2028 1360 2089 Castoris
1388 2032 1474 2090 unius
1497 2033 1655 2107 uniusque

312 2133 495 2212 Vespasiani
516 2133 573 2191 hae
596 2131 685 2189 aedes
708 2132 829 2190 nomina
849 2131 989 2205 habuere,
1011 2132 1082 2190 licet
1097 2129 1232 2191 Castoris
1252 2141 1282 2192 et
1298 2133 1441 2205 Pollucis,
1463 2133 1657 2208 Vespasiani

314 2241 436 2315 Titique
459 2236 581 2295 numina
600 2234 642 2292 ibi
665 2233 743 2292 culta
758 2250 825 2292 esse
847 2242 979 2293 constet:
1004 2241 1128 2312 apparet
1150 2234 1241 2311 igitur
1255 2235 1409 2294 Pollucem
1425 2254 1484 2293 non
1501 2235 1569 2310 pari
1586 2235 1657 2294 iure

313 2345 344 2401 in
366 2340 440 2398 aede
464 2338 516 2395 illa
537 2335 750 2412 antiquissima
772 2334 894 2395 Castori
916 2336 1019 2409 fuisse,
1042 2335 1144 2394 Titum
1167 2354 1227 2394 non
1249 2337 1315 2413 pari
1337 2335 1537 2414 Vespasiano.
1571 2338 1656 2396 idem

315 2441 506 2502 statuendum
534 2438 570 2496 de
598 2437 748 2497 Faustina
773 2447 803 2496 et
828 2438 993 2496 Antonino.
1044 2437 1144 2513 itaque
1172 2438 1387 2497 vocabulorum
1417 2439 1656 2498 sollemnitatem

315 2545 400 2604 vides
427 2561 527 2600 rerum
556 2547 681 2598 naturae
709 2540 842 2616 iurisque
869 2540 946 2598 sacri
972 2539 1090 2618 legibus
1117 2539 1251 2615 apprime
1278 2541 1445 2598 convenire.
1496 2541 1549 2599 sed
1578 2541 1659 2599 haec

317 2647 418 2706 omnia
439 2642 602 2720 praefanda
624 2651 709 2700 erant
730 2643 759 2702 ei
781 2641 961 2718 quaestioni,
990 2641 1020 2699 in
1050 2660 1111 2716 qua
1137 2641 1282 2700 solvenda
1304 2660 1360 2700 nos
1383 2661 1460 2701 nune
1482 2661 1657 2716 versamur,

316 2769 394 2826 quae
417 2754 463 2806 est
483 2746 520 2804 de
543 2743 665 2804 Saturni
688 2743 823 2820 Opisque
845 2743 964 2820 templis
988 2743 1026 2801 ad
1048 2743 1145 2802 forum
1169 2744 1286 2802 sivein
1310 2741 1460 2820 Capitolio
1484 2745 1560 2803 sitis.

400 2848 448 2908 Ne
471 2848 574 2918 multa,
602 2865 640 2906 ex
668 2845 712 2904 eis
741 2864 818 2922 quae
844 2848 998 2921 hueusque
1025 2845 1178 2922 disputavi
1205 2845 1282 2903 effici
1304 2847 1443 2918 arbitror,
1469 2846 1575 2904 aedem
1600 2844 1659 2905 Sa-

318 2953 399 3012 turni
420 2969 496 3022 eam,
519 2950 604 3008 cuius
627 2948 758 3024 porticus
786 2956 855 3006 octo
884 2948 1089 3007 columnarum
1113 2957 1260 3024 superest,
1288 2950 1441 3025 nunquam
1467 2947 1564 3007 fuisse
1591 2948 1659 3006 dic-

318 3067 379 3114 tam
402 3052 480 3129 Opis
507 3061 537 3109 et
564 3047 698 3122 Saturni,
725 3068 877 3127 nunquam
903 3049 1007 3108 aedem
1038 3048 1116 3125 Opis
1144 3051 1175 3107 in
1197 3047 1358 3124 Capitolio,
1387 3050 1441 3109 sed
1469 3051 1552 3108 omni
1581 3059 1661 3108 tem·

319 3175 392 3233 pore
418 3153 539 3230 proprie
561 3151 670 3210 dictam
698 3168 764 3210 esse
787 3150 910 3210 Saturni
936 3152 977 3209 ud
995 3154 1096 3227 sorum
1118 3151 1182 3210 sive
1216 3155 1245 3208 in
1261 3153 1341 3226 soro,
1370 3153 1396 3211 si
1419 3152 1538 3229 quidem
1570 3152 1662 3211 nulla

318 3260 425 3316 harum
446 3254 632 3315 locutionum
654 3253 856 3329 discrepantia
878 3265 941 3324 est;
967 3253 999 3311 in
1027 3273 1063 3311 ea
1084 3263 1182 3311 autem
1210 3253 1283 3312 aede
1310 3254 1404 3312 fuisse
1426 3254 1578 3312 aerarium
1601 3273 1661 3330 po-

319 3359 382 3439 puli
404 3356 548 3426 Romani3
577 3355 726 3414 diversam
755 3355 792 3412 ab
815 3373 851 3412 ea
877 3371 945 3414 esse
972 3353 1075 3414 aedem
1103 3362 1270 3414 extructam
1298 3365 1416 3415 antea.
1440 3356 1499 3415 568
1525 3355 1600 3432 Opis
1628 3361 1663 3414 in

322 3461 475 3537 Capitolio,
502 3459 560 3516 hoc
586 3467 633 3516 est
658 3459 689 3515 in
717 3465 819 3515 monte
841 3454 1027 3533 Capitolin03
1055 3465 1209 3533 praeterea
1235 3462 1398 3517 sacrarium
1425 3456 1496 3533 Opia
1519 3461 1550 3515 ia
1574 3463 1664 3534 repta

319 3564 425 3622 fuisse:
453 3561 527 3619 haec
549 3566 648 3618 autem
671 3569 807 3618 constare
834 3576 890 3616 usu
912 3557 1049 3616 sollemni
1072 3559 1224 3617 nominum
1255 3560 1285 3617 in
1307 3560 1429 3635 optimis
1451 3562 1664 3619 monumentis

320 3665 461 3743 religiose
484 3661 655 3732 observato,
679 3659 806 3735 denique
821 3659 962 3718 ficticium
985 3677 1052 3719 csse
1075 3660 1190 3720 titulum
1208 3658 1481 3720 Gutenstenianum
1505 3680 1566 3737 quo
1591 3663 1665 3722 solo

321 3767 398 3843 Opis
421 3775 451 3824 et
473 3762 594 3824 Saturni
622 3762 705 3821 aedis
732 3780 839 3820 nomen
866 3762 1043 3820 continetur.
1095 3763 1154 3819 ianr
1183 3763 1326 3839 quoniam
1355 3760 1460 3822 Cereri
1488 3773 1517 3820 et
1539 3762 1666 3822 Telluri

322 3869 360 3927 ad
382 3866 526 3942 Telluris,
549 3863 614 3925 Soli
636 3875 667 3924 et
687 3863 792 3922 Lunae
815 3863 854 3920 ad
873 3861 978 3921 Lunae
999 3864 1064 3922 fieri
1088 3865 1210 3923 solitum
1233 3883 1298 3923 esse
1320 3865 1462 3934 vidimus,
1483 3863 1666 3924 Pollucem-

322 3991 380 4048 que
402 3969 433 4027 in
455 3967 557 4026 fratris
579 3966 714 4043 germani
742 3965 815 4025 aede
841 3973 1047 4024 consecratum
1069 3965 1173 4038 fuisse,
1203 3985 1275 4026 sane
1303 3977 1428 4044 apparet
1455 3985 1507 4024 cur
1537 3966 1599 4042 Opi
1622 3971 1670 4027 ad

314 4075 414 4148 sorum
437 4068 586 4146 Opalibus
608 4069 672 4126 fieri
695 4067 825 4144 potuerit
852 4068 889 4124 ad
912 4065 1043 4125 Saturni.
1087 4068 1197 4142 quodsi
1220 4067 1427 4144 Opiconsiviis
1457 4068 1568 4126 factum
1595 4087 1668 4130 esse

325 4174 383 4248 Opi
405 4177 435 4230 in
452 4171 594 4248 Capitolio
617 4170 759 4228 scribitur
780 4170 811 4227 in
833 4168 1037 4246 hemerolcgio
1055 4167 1203 4241 Vallensi,
1226 4171 1333 4245 dieque
1356 4170 1526 4246 insequenti
1548 4169 1669 4248 (opst)

323 4279 352 4332 in
376 4278 466 4350 repta,
488 4274 674 4350 haectsacra
695 4271 769 4330 nilril
791 4271 940 4346 pertinent
962 4270 998 4328 ad
1022 4270 1123 4329 aedem
1141 4268 1276 4344 Saturui3
1301 4272 1429 4348 pertinet
1451 4271 1526 4330 illud
1550 4273 1590 4330 ad
1614 4292 1668 4332 ae-

324 4375 392 4434 dem
415 4373 628 4451 Capitolinam.
672 4373 852 4448 relinquitur
879 4389 996 4430 sacrum
1023 4372 1054 4431 in
1083 4373 1149 4431 solo
1171 4373 1328 4432 Arvalium
1356 4373 1563 4449 lremerologio
1588 4373 1671 4433 Vol-

324 4475 481 4534 canalibus
512 4476 672 4550 ascriptum
701 4473 757 4551 Opi
778 4473 946 4549 optser(ue).
991 4474 1037 4532 cui
1068 4491 1153 4532 sacro
1182 4494 1247 4533 cunr
1276 4474 1435 4550 praecedat
1463 4473 1539 4531 illud
1570 4474 1672 4551 [nym-

321 4578 405 4653 p]lria
432 4581 461 4634 fn
484 4594 604 4652 cumpo,
628 4577 829 4651 subsequatur
851 4575 927 4633 illud
946 4575 1094 4650 Qu:r'r(fno)
1116 4579 1145 4632 r'n
1167 4576 1260 4646 colle,
1282 4575 1493 4654 Kliigmannus
1515 4587 1619 4636 autem
1638 4579 1673 4636 in

326 4677 472 4738 addendis
495 4679 641 4736 Actorum
668 4688 787 4736 tuorum
811 4695 839 4752 p.
864 4675 924 4734 234
954 4675 1080 4736 feliciter
1106 4677 1348 4736 animadverterit
1375 4695 1530 4736 sacrorum
1558 4680 1591 4737 in
1616 4681 1673 4741 he-

326 4779 501 4856 merologiis
524 4780 651 4857 singulis
675 4779 780 4838 diebus
804 4778 1002 4855 ascriptarum
1025 4778 1159 4837 ordinem
1181 4779 1311 4856 pendere
1339 4798 1358 4836 a
1380 4779 1512 4838 locorum
1535 4781 1675 4840 nomini·

326 4884 382 4941 bus
404 4901 457 4958 per
479 4882 595 4940 litteras
612 4882 748 4959 digestis,
770 4881 884 4956 liquido
907 4890 1031 4956 apparet
1047 4879 1123 4957 Opis
1143 4881 1277 4957 opiferae
1301 4899 1419 4939 sacrum
1435 4898 1529 4956 posse
1550 4881 1674 4943 factum

327 5002 397 5044 esse
419 4987 449 5041 fn
473 4981 628 5058 Capitolio
650 4981 744 5058 (qued
760 4982 850 5040 fuerit
864 4982 895 5038 in
917 4981 1041 5056 lapide),
1063 4981 1183 5058 plenum
1198 4981 1290 5059 igitur
1306 4980 1495 5058 Capitolinae
1510 4983 1598 5042 aedis
1614 5004 1674 5044 no·

327 5104 394 5144 men
421 5085 516 5144 fuisse
542 5103 631 5161 posse
661 5082 738 5160 Opis
768 5081 910 5159 Opiferae
937 5083 967 5140 in
995 5080 1146 5159 Capitolio
1181 5083 1272 5160 idque
1298 5084 1418 5162 egregie
1444 5083 1598 5160 quadrare
1630 5088 1671 5144 ad
