3516 5828
332 1405 653 1518 russatus
693 1404 1174 1520 suscitaturus.

338 1584 690 1670 aunrraunurvu
712 1609 772 1669 an
796 1609 1006 1672 cossurus
1029 1611 1122 1672 von.
1138 1612 1161 1671 1.

674 1781 826 1788 ψ

87 1809 221 1950 Anno
238 1891 503 1954 MDCCCLXVII
519 1914 535 1952 e
551 1894 708 1952 Britannia
729 1893 824 1952 redux
846 1894 1050 1954 additamenta
1071 1914 1131 1952 non
1155 1895 1238 1954 nulla
1260 1897 1414 1973 composui

87 1993 122 2050 ad
145 1995 249 2053 titulos
272 2007 452 2056 tesserarum
476 1997 604 2068 illarum,
628 2015 702 2073 quas
725 1996 920 2074 gladiatorias
941 1997 1039 2056 dicere
1055 1998 1275 2070 consuevimus,
1299 2018 1336 2056 ex
1352 2019 1415 2056 mu·

86 2096 126 2154 a'ei
142 2095 306 2157 Britannici
322 2100 471 2160 thesauris
494 2098 713 2178 deprompra1).
758 2098 880 2156 Titulos
903 2099 972 2157 illos
993 2100 1092 2158 varias
1115 2102 1153 2159 ob
1175 2117 1281 2160 causas
1304 2119 1415 2160 memo-

86 2197 195 2256 rabiles
225 2201 462 2262 Mommsenus
493 2203 608 2278 primus
636 2223 662 2259 a.
689 2199 766 2258 1863
796 2200 917 2276 collegit
950 2211 980 2259 et
1011 2202 1224 2260 commentario
1253 2203 1335 2260 brevi
1363 2203 1415 2262 sed

85 2297 214 2359 dilucido
239 2305 401 2362 illustravit
422 2309 452 2364 in
468 2305 603 2380 corporis
619 2303 846 2380 inscriptionum
867 2303 923 2361 vol.
941 2303 954 2360 l
969 2324 997 2380 p.
1018 2303 1074 2361 195
1088 2321 1129 2362 ss.
1146 2303 1189 2378 (n.
1207 2301 1413 2379 717-776l).

85 2399 161 2460 Eum
185 2417 303 2465 secutus
327 2407 550 2466 Ritschelius
573 2415 764 2464 monumenta
790 2405 857 2482 ipsa
886 2415 1032 2481 quotquot
1060 2405 1190 2464 nancisci
1218 2408 1316 2482 potuit
1344 2407 1414 2464 deli·

84 2513 172 2562 neata
194 2510 350 2584 proposuit
371 2509 473 2566 addita
499 2509 700 2584 disputatione
727 2505 870 2584 amplat),
899 2525 959 2582 qua
980 2508 1184 2582 quaestionem
1211 2508 1247 2565 de
1269 2509 1414 2586 interpre-

84 2607 196 2664 tatione
218 2610 372 2670 titulorum
396 2612 470 2670 satis
492 2603 665 2686 impeditam
683 2609 721 2667 ad
736 2609 824 2666 finem
840 2607 1002 2686 perducere
1023 2617 1123 2684 atque,
1145 2627 1205 2686 quo
1221 2609 1258 2668 de
1272 2611 1414 2669 Mourm-

83 2723 188 2768 senus
211 2731 269 2770 non
293 2714 371 2772 ultra
393 2713 568 2790 prudentem
584 2713 800 2771 dubitationem
822 2719 1021 2787 processerat,
1044 2729 1075 2767 re
1091 2730 1162 2768 vera
1176 2711 1214 2769 ad
1229 2712 1413 2789 gladiatores

83 2829 134 2869 eos
161 2813 335 2873 referendos
358 2833 423 2875 esse
446 2815 596 2893 probabili
618 2812 845 2872 ratiocinatione
872 2813 989 2870 efficere
1016 2821 1143 2871 conatus
1169 2821 1224 2871 est.
1269 2813 1413 2872 Probabi-

81 2913 193 2974 litatem
216 2917 280 2976 eius
302 2918 452 2993 opinionis
475 2919 653 2976 confirmare
677 2914 776 2974 studui
799 2913 828 2971 in
852 2913 1054 2990 disputatione
1076 2915 1113 2972 de
1134 2927 1250 2974 tessera
1264 2893 1413 2990 Hispana,

82 3033 170 3092 quam
193 3017 336 3090 indicavi3
360 3039 455 3096 neque
471 3039 542 3079 vero
565 3020 655 3091 tacui,
678 3019 714 3077 de
736 3015 919 3092 singulorum
935 3015 1147 3075 vocabulorum
1168 3017 1412 3094 interpretatione

82 3117 177 3178 adhuc
198 3131 313 3179 restare
335 3121 553 3180 dubitationem
575 3141 635 3180 uon
657 3122 762 3179 levem.

164 3220 236 3280 Non
258 3222 352 3281 multa
376 3223 445 3282 inde
472 3227 509 3284 ab
536 3225 589 3282 illo
612 3233 745 3300 tempore
767 3219 905 3279 videntur
930 3220 1099 3280 innotuisse
1122 3222 1186 3281 eius
1209 3223 1328 3300 generis
1350 3242 1412 3280 mo-

80 3331 233 3393 numenta;
261 3343 332 3383 sane
360 3344 457 3396 nemo,
484 3336 629 3402 quantum
655 3323 793 3401 equidem
822 3323 900 3393 scio,
932 3341 1034 3382 eorum
1056 3323 1292 3400 indagandorum
1319 3343 1412 3384 eausa

82 3441 185 3484 musea
214 3425 335 3502 publiea
361 3427 552 3503 privataque,
579 3429 610 3486 in
640 3427 748 3504 quibus
776 3425 849 3483 talia
881 3423 978 3483 solent
1004 3424 1066 3482 fere
1093 3424 1283 3500 delitescere,
1312 3426 1413 3485 dedita

81 3541 172 3602 opera
192 3536 397 3604 perscrutatus
421 3539 475 3588 est.
519 3530 642 3588 Memini
670 3529 701 3588 in
728 3526 929 3602 descriptione
955 3526 1051 3585 musei
1074 3526 1139 3597 For,
1167 3529 1248 3602 quod
1270 3525 1411 3588 Genevae

83 3635 135 3700 est,
164 3629 229 3688 eius
256 3631 374 3707 generis
400 3615 547 3706 quaedam
568 3651 615 3690 me
634 3629 794 3705 vidisse³);
823 3627 978 3704 complura
1000 3628 1064 3686 siue
1087 3628 1176 3688 dubio
1199 3629 1296 3689 adhuc
1318 3631 1412 3689 latent

81 3729 108 3785 in
130 3729 236 3790 Italiae
260 3730 380 3791 Galliae
402 3731 583 3793 Germaniae
605 3733 736 3793 Russiae
758 3731 879 3790 muscis.

82 3857 96 3863 ..
99 3859 125 3865 .-

155 3915 180 3982 ¹)
200 3919 356 3970 Prodierunt
376 3921 552 3971 additamenta
575 3921 621 3971 illa
641 3936 691 3970 una
711 3936 767 3970 cum
788 3918 959 3969 illustratione
979 3925 1089 3969 tesserae
1108 3921 1136 3969 iu
1149 3921 1275 3984 Hispania
1294 3927 1409 3985 repertae

80 4011 137 4058 anui
157 4026 183 4074 p.
205 4011 234 4062 C.
256 4012 288 4060 27
310 4011 350 4074 (C.
370 4015 392 4063 1.
412 4014 442 4064 L.
462 4014 490 4063 11
511 4011 594 4074 4968)
619 4014 645 4062 in
665 4013 728 4062 actis
747 4012 895 4062 academiae
920 4011 1096 4061 Berolinensis
1121 4011 1264 4062 minoribus
1291 4027 1314 4062 a.
1338 4013 1407 4061 1867

81 4114 103 4162 p.
118 4101 171 4152 760
180 4118 214 4152 ss.
235 4119 358 4170 versaque
384 4113 422 4154 est
446 4105 629 4155 commentatio
653 4119 710 4154 mea
736 4106 836 4168 integra
862 4105 888 4152 in
914 4103 1042 4154 Gallicum
1068 4117 1213 4153 sermonem
1238 4103 1269 4152 ab
1294 4103 1408 4153 Henrico

81 4189 179 4243 Gaidoz
199 4195 319 4262 editaque
338 4213 394 4247 eum
415 4197 598 4263 supplementis
618 4198 717 4263 aliquot
736 4197 799 4246 meis
820 4197 846 4245 in
869 4194 1034 4260 ephemeride
1054 4210 1127 4246 revue
1147 4191 1338 4262 orclebloyiqae
1358 4197 1409 4245 rol.

79 4280 157 4334 XVII
180 4287 249 4337 1868
270 4304 294 4352 p.
311 4291 363 4340 468
377 4305 410 4338 ss.

151 4374 178 4442 ⁹)
199 4379 230 4429 Iu
251 4381 314 4432 actis
333 4381 481 4431 academiae
500 4381 665 4432 Monacensis
686 4381 759 4430 cluss.
780 4381 873 4446 philos.
894 4381 984 4446 philol.
1005 4388 1030 4430 et
1050 4380 1108 4430 hist.
1129 4381 1179 4430 rol.
1199 4379 1226 4430 X
1246 4387 1318 4444 parte
1337 4380 1365 4430 11
1385 4395 1409 4431 a.

81 4467 147 4517 1861
168 4485 192 4534 p.
208 4469 304 4522 29311.
325 4489 382 4523 cum
408 4473 592 4538 supplementis
612 4489 676 4523 mus.
696 4471 778 4524 Rhea.
799 4489 822 4523 a.
846 4473 916 4523 1864
936 4488 960 4536 p.
975 4473 1028 4523 459
1049 4479 1074 4522 et
1094 4487 1116 4523 a.
1140 4471 1210 4523 1866
1229 4487 1254 4537 p.
1270 4474 1331 4523 292.
1354 4473 1407 4522 468

81 4558 161 4610 editis.
200 4563 267 4614 Vide
287 4566 364 4616 etiam
383 4567 571 4616 Henzenum
592 4559 750 4615 baltecdett
774 4567 831 4615 inst.
851 4581 875 4616 a.
898 4565 968 4615 1865
987 4581 1013 4630 p.
1029 4565 1089 4616 103.

151 4649 176 4715 ³)
201 4652 340 4722 Catulopue
353 4656 387 4706 du
399 4655 478 4707 muse'e
492 4655 545 4708 Ful
563 4659 613 4707 vol.
627 4657 655 4707 11
676 4655 807 4718 (Genetes
823 4657 893 4710 1875
915 4659 951 4719 8.)
971 4675 996 4722 p.
1012 4657 1064 4708 555
1076 4673 1109 4708 ss.
1129 4663 1294 4708 recensentur
1313 4665 1409 4707 tersere

77 4742 228 4804 gladiatoria
253 4750 315 4798 anni
340 4751 430 4800 incerti
454 4751 577 4814 inscripta
600 4751 638 4800 ita
656 4755 796 4798 r·caarsr
810 4741 814 4815 1
829 4753 956 4799 r·casr1
970 4739 974 4816 1
989 4753 1022 4796 sr
1033 4767 1039 4782 ·
1049 4755 1183 4796 inurar·
1200 4739 1203 4814 1
1218 4753 1259 4808 Q
1272 4753 1408 4795 narsus

77 4844 118 4884 aut
137 4839 238 4901 eadem,
264 4855 340 4906 quam
360 4842 517 4894 Ritschelius
542 4843 623 4892 edidit
649 4843 676 4892 iu
701 4859 766 4893 mur.
786 4842 870 4894 Rhen.
890 4858 913 4892 a.
930 4843 1000 4893 1866
1020 4858 1045 4906 p.
1061 4843 1122 4893 292.
1137 4843 1200 4904 168,
1225 4847 1270 4892 aut
1293 4841 1407 4891 eiusdem

78 4931 221 4994 exemplum
240 4932 350 4982 alterum
371 4932 480 4999 (effigies
501 4936 555 4984 eius
575 4935 636 4984 data
655 4935 706 4985 tab.
722 4935 790 4985 XIX
810 4937 884 5000 tlg.4
905 4934 1018 4984 eiusdem
1039 4933 1176 4984 voluminis
1195 4935 1332 4998 genuinam
1352 4946 1407 4981 osse

76 5021 178 5070 minime
199 5023 381 5086 demonstrat);
407 5033 540 5091 praeterea
559 5035 670 5076 tesserae
690 5028 817 5078 rotundae
837 5027 965 5077 eburneae
985 5012 1113 5076 osseaers
1130 5026 1228 5090 aliquot
1247 5024 1407 5090 amphithea-

75 5113 162 5176 trales,
194 5121 222 5162 ut
250 5115 382 5178 videntur,
413 5117 550 5182 inscriptae
573 5121 717 5166 cos-vul
741 5127 766 5169 et
795 5120 822 5169 iu
852 5125 924 5184 parte
949 5120 1049 5184 postica
1072 5123 1111 5164 1111
1134 5131 1193 5180 uua,
1214 5117 1273 5168 aliis
1292 5116 1405 5167 numeris

76 5189 149 5266 (xvi,
163 5209 192 5267 x,
206 5210 236 5266 v,
251 5195 293 5272 ru)
314 5208 434 5275 reliquae.
