3496 5828
333 475 354 544 2
908 496 1091 548 nouussa

331 687 408 738 men,
431 669 512 743 quod
534 681 579 732 est
601 669 731 741 Marcus,
754 677 783 727 61
798 669 983 744 cognominis
1005 687 1075 746 pars
1098 678 1232 728 extrema
1248 671 1324 739 iona,
1346 668 1420 726 nihil
1442 667 1566 743 impedit
1588 685 1663 742 qno-

331 770 430 828 minus
459 791 523 829 eam
551 771 718 830 referamus
741 771 777 828 ad
801 771 898 846 ipsum
923 771 963 828 M.
987 769 1140 829 Valerium
1164 771 1204 828 Μ.
1227 771 1247 827 f.
1271 770 1311 828 M.
1334 789 1363 828 n.
1385 769 1556 828 Messallam
1586 767 1665 827 Cor-

330 872 431 929 vinum
459 880 618 931 oratorem.
662 872 741 932 Nam
774 873 799 930 si
828 875 880 948 qui
913 881 1046 949 opponat
1074 873 1169 931 filium
1203 874 1245 930 ita
1271 872 1412 930 collocari
1445 879 1514 930 ante
1535 880 1664 947 patrem,

330 973 577 1049 respondebimus
607 984 720 1050 patrem
750 992 814 1032 osse
842 975 977 1048 potuisse
1004 975 1142 1044 medium,
1172 984 1205 1031 ut
1226 975 1264 1032 ad
1287 974 1437 1032 sinistram
1461 991 1586 1031 uxorem
1608 974 1665 1030 ha-

330 1076 423 1147 beret,
450 1096 468 1134 a
496 1076 602 1134 dextra
627 1077 730 1146 filium,
758 1085 790 1134 ut
811 1078 967 1154 Augustus
995 1077 1024 1134 in
1052 1095 1123 1134 arcu
1146 1076 1287 1151 Papiensi
1315 1075 1431 1134 medius
1459 1077 1558 1134 stabat
1584 1077 1665 1132 inter

330 1177 484 1237 Tiberium
507 1186 537 1236 et
556 1178 683 1236 Liviam.

413 1282 454 1338 M.
478 1279 620 1338 Valerius
644 1281 683 1338 M.
705 1281 726 1337 f.
750 1279 805 1338 M'.
830 1299 858 1338 n.
882 1280 1027 1338 Messalla
1055 1281 1194 1339 similiter
1220 1281 1310 1356 plane
1336 1289 1524 1357 nuncupatur
1545 1279 1577 1337 in
1598 1278 1663 1355 cip-

328 1381 386 1458 pis,
409 1401 484 1458 quos
506 1400 612 1440 censor
634 1383 736 1458 posuit
756 1401 824 1440 cum
844 1382 879 1440 P.
904 1380 1034 1442 Servilio
1056 1382 1189 1440 Isaurico
1212 1382 1317 1458 (roll
1339 1381 1582 1457 11.608-614);
1608 1399 1663 1456 ag-

328 1485 451 1542 nomina
476 1485 566 1560 igitur
593 1485 689 1560 magis
716 1502 806 1559 quam
834 1483 966 1559 legitima
992 1485 1115 1542 nomina
1141 1485 1260 1542 fuerunt
1282 1503 1358 1561 qnae
1381 1491 1537 1560 praeterea
1558 1483 1585 1540 ei
1607 1483 1663 1540 tri·

328 1585 459 1644 6666161
481 1605 540 1644 nou
563 1586 660 1644 solum
682 1585 857 1662 Menogenis
880 1585 963 1661 (Val.
985 1585 1067 1644 Max.
1089 1586 1118 1656 9,
1138 1587 1185 1656 14,
1202 1583 1272 1644 561
1293 1586 1362 1643 1666
1383 1584 1502 1644 Plinius
1524 1586 1553 1643 h.
1577 1604 1605 1642 n.
1633 1585 1662 1654 7,

331 1685 379 1758 12,
395 1687 459 1763 55),
484 1688 537 1746 sed
560 1689 649 1746 etiam
666 1687 765 1764 Nigri,
788 1706 969 1764 quamquam
992 1688 1023 1746 id
1038 1698 1068 1745 61
1085 1687 1235 1746 Asconius
1257 1689 1287 1745 in
1304 1684 1407 1746 Scanr.
1423 1709 1452 1764 p.
1469 1686 1663 1761 161666116-

329 1789 368 1845 sit
387 1798 417 1845 et
436 1789 506 1848 fasti
527 1789 733 1848 16111166116111
754 1807 843 1865 quam
859 1789 969 1848 Dionis
985 1790 1088 1864 (roll
1110 1810 1139 1867 p.
1157 1789 1226 1848 540.
1244 1789 1335 1864 541);
1358 1791 1479 1848 omnino
1501 1797 1534 1846 ut
1554 1789 1663 1847 distin·

327 1900 451 1968 gnorent
470 1911 535 1949 eum
557 1893 595 1949 ab
616 1892 712 1950 altero
733 1892 865 1950 eiusdem
887 1893 1017 1951 nominis
1038 1892 1102 1950 viro
1122 1891 1241 1967 aequali
1261 1891 1385 1950 consule
1405 1910 1432 1949 a.
1450 1891 1518 1948 701.
1562 1888 1662 1948 Natus

329 1994 513 2052 6116666666
536 2007 581 2052 est
603 2014 628 2052 6.
644 2013 670 2051 a.
688 1993 759 2065 650,
781 1995 922 2069 qnoniam
940 1991 1046 2052 Cicero
1069 2001 1156 2051 natus
1179 1991 1325 2051 6661648
1348 1993 1435 2052 161116
1457 2011 1490 2051 66
1512 1993 1662 2050 minorem

330 2113 397 2152 eum
420 2095 513 2154 luisse
535 2096 578 2154 ait
599 2093 868 2171 (matrasta),
896 2095 1001 2154 consul
1028 2105 1127 2154 autem
1152 2095 1297 2158 Messalla
1323 2096 1421 2154 factus
1449 2113 1475 2152 a.
1501 2094 1559 2154 693
1588 2112 1662 2170 qna-

327 2197 530 2274 dragesimum
564 2198 725 2256 secundum
759 2198 866 2255 aetatis
899 2216 1009 2254 annum
1043 2205 1224 2268 excesserat,
1258 2197 1289 2255 id
1321 2206 1367 2254 661
1398 2206 1486 2255 66166
1518 2203 1582 2254 6161
1608 2206 1662 2254 ant

327 2317 405 2357 anno
429 2299 490 2359 650
512 2309 565 2358 661
590 2309 658 2358 6616
685 2319 761 2358 eum.
806 2299 887 2358 Inter
908 2299 1070 2358 Messallae
1098 2301 1154 2358 hos
1181 2299 1322 2357 consules
1351 2319 1377 2357 a.
1402 2299 1460 2358 693
1490 2297 1599 2356 61701
1630 2306 1662 2354 61

325 2400 367 2459 M.
397 2400 551 2460 Valerium
579 2401 619 2459 M.
647 2402 668 2460 f.
696 2402 736 2459 M.
765 2421 794 2459 n.
822 2401 997 2459 Messallam
1028 2401 1181 2460 consulem
1211 2419 1237 2458 6.
1263 2401 1333 2471 593,
1361 2419 1514 2460 6666616111
1542 2418 1568 2457 6.
1597 2399 1661 2457 600

325 2503 396 2562 16611
425 2504 490 2562 6166
524 2503 628 2580 stirpis
654 2503 754 2561 nullos
781 2512 951 2572 recensent,
980 2521 1074 2578 neque
1101 2504 1131 2560 iu
1158 2503 1264 2561 aetatis
1292 2504 1427 2578 proxime
1454 2500 1661 2578 praecedentis

325 2625 423 2664 rerum
458 2605 601 2664 memoria
633 2605 782 2664 invenitur
815 2605 873 2663 nisi
906 2623 982 2663 unus
1005 2604 1145 2663 Valerius
1174 2605 1327 2676 Messalla,
1356 2623 1444 2681 quem
1472 2603 1551 2661 bello
1580 2603 1661 2660 civili

324 2708 455 2784 legatum
488 2708 595 2767 Rutilii
627 2705 706 2784 Lupi
740 2726 801 2766 cos.
828 2727 855 2766 a.
880 2707 949 2766 664
973 2707 1011 2764 66
1044 2707 1146 2765 urbem
1178 2725 1332 2784 pugnasse
1363 2707 1468 2766 scribit
1499 2706 1662 2782 Appianns

325 2811 353 2868 b.
376 2829 401 2868 6.
428 2813 454 2882 l,
478 2810 529 2882 40,
557 2809 673 2869 adlatus
701 2829 720 2866 a
746 2809 914 2886 Borghesio
945 2827 1014 2886 opp.
1041 2811 1067 2880 1,
1090 2809 1160 2880 408,
1190 2829 1278 2886 quem
1305 2808 1429 2868 alterius
1460 2809 1558 2867 utrius
1588 2825 1659 2865 con-

324 2913 421 2971 sulum
453 2912 572 2970 illorum
604 2921 719 2988 patrem
748 2912 844 2971 luisse
872 2911 1029 2989 probabile
1058 2918 1112 2969 661.
1157 2911 1376 2971 Desiderantur
1404 2919 1522 2987 praeter
1555 2920 1659 2986 patres

324 3015 412 3072 etiam
436 3015 485 3072 avi
507 3013 555 3072 vel
577 3017 666 3084 avus3
687 3033 758 3072 nam
780 3032 961 3089 quamquam
985 3013 1124 3072 eonsules
1147 3013 1192 3070 illi
1214 3014 1323 3072 fratres
1345 3021 1424 3072 certe
1446 3031 1506 3072 non
1527 3013 1659 3084 fuerunt,

324 3125 384 3174 tam
411 3116 536 3174 fratrum
564 3116 618 3174 filii
645 3133 713 3174 esse
739 3125 900 3192 potnerunt
928 3133 1017 3189 quarn
1044 3136 1083 3173 ex
1109 3115 1253 3174 fratribus
1282 3125 1417 3174 natorum
1440 3116 1570 3174 filiorum
1592 3115 1659 3173 filii.

324 3221 409 3277 Avus
441 3228 540 3276 autem
573 3219 600 3275 is
633 3236 795 3275 avorumve
822 3216 897 3274 alter
924 3225 1025 3291 potest
1052 3217 1145 3276 161666
1167 3217 1309 3277 Valerius
1331 3218 1476 3276 Messalla
1502 3217 1539 3286 16,
1567 3235 1658 3292 quem

325 3318 362 3394 Q.
385 3319 523 3379 Metellus
545 3317 726 3378 Numidicus
748 3319 853 3378 consul
879 3337 906 3376 6.
931 3319 991 3378 645
1018 3319 1194 3378 adulescens
1222 3321 1329 3396 opinor
1357 3319 1587 3397 repetundarum
1609 3339 1660 3377 ac·

324 3423 439 3481 ansavit
467 3419 563 3498 (Gell.
587 3421 634 3494 15,
658 3421 706 3492 14,
730 3420 771 3496 1).
815 3420 951 3480 Ρ1ο6166
981 3421 1146 3481 communis
1175 3423 1232 3480 fuit
1262 3423 1326 3482 sine
1356 3422 1447 3481 dubio
1474 3422 1501 3481 is
1530 3423 1567 3480 de
1595 3441 1659 3498 quo

323 3524 455 3583 diximus
478 3524 583 3582 consul
606 3543 632 3582 6.
657 3523 727 3582 593.

406 3627 569 3686 Messallae
592 3626 721 3684 honores
742 3643 809 3683 cnm
832 3627 862 3684 in
886 3627 984 3701 elogio
1006 3635 1219 3686 recenseantur
1245 3645 1305 3684 uno
1326 3637 1429 3685 tenore
1451 3633 1512 3684 tam
1535 3624 1660 3684 ordina-

321 3729 359 3786 rii
381 3747 470 3804 qnam
492 3727 735 3798 extraordinarii,
756 3728 914 3804 probabile
929 3737 975 3787 est
997 3729 1161 3787 collocatos
1178 3746 1245 3787 esse
1260 3728 1365 3789 ordine
1387 3729 1541 3804 temporis,
1564 3746 1657 3802 quam

322 3830 524 3889 coniecturam
546 3849 623 3906 quae
646 3829 682 3888 de
705 3829 831 3906 singulis
855 3829 981 3888 dicenda
1004 3840 1073 3889 suut
1095 3831 1183 3906 plane
1205 3831 1431 3889 confirmabunt.

406 3932 597 3992 Pontificium
624 3950 691 3990 oum
713 3932 814 3991 locum
836 3932 944 3990 habeat
967 3941 1036 3990 ante
1059 3932 1241 3991 tribunatum
1264 3933 1434 4004 militarem,
1457 3931 1602 3991 Messalla
1625 3933 1658 3990 id

322 4043 428 4094 nactus
457 4036 497 4092 sit
524 4051 645 4094 necesse
674 4041 721 4093 est
753 4035 852 4112 prima
886 4041 992 4092 aetate.
1038 4032 1181 4093 Similiter
1214 4035 1413 4093 consobrinus
1446 4034 1582 4110 aequalis
1617 4035 1658 4092 ad

322 4144 510 4212 auguratum,
533 4155 620 4212 quem
644 4155 698 4212 per
719 4155 813 4195 annos
835 4137 968 4212 quinque
990 4144 1020 4194 et
1034 4136 1251 4212 quinquaginta
1272 4138 1376 4208 tenuit,
1399 4145 1428 4195 et
1449 4137 1514 4214 ipse
1537 4135 1658 4195 adnles-

322 4257 392 4296 cens
416 4240 562 4315 pervenit,
584 4257 681 4314 neque
704 4240 812 4297 desunt
833 4237 972 4315 exempla
994 4237 1125 4296 maxime
1147 4239 1300 4297 hominum
1323 4239 1517 4314 patriciorum
1539 4248 1658 4296 mature

322 4340 499 4399 sacerdotiis
531 4348 757 4413 exornatarum,
790 4360 857 4399 eum
892 4339 1084 4414 patriciorum
1113 4339 1247 4398 locorum
1275 4341 1487 4418 competitores
1514 4340 1544 4397 in
1571 4347 1659 4398 tanta

322 4442 513 4516 patriciorum
536 4443 687 4518 paucitate
710 4461 769 4501 non
791 4442 985 4501 abundarent.
1026 4439 1208 4500 Nominatur
1228 4451 1326 4501 autem
1346 4451 1502 4518 praeterea
1520 4442 1560 4501 M.
1577 4442 1657 4500 Mes·

321 4544 398 4602 salla
424 4546 500 4603 inter
527 4545 682 4621 pontifices
709 4545 760 4622 qui
786 4565 813 4603 6.
836 4544 895 4602 697
924 4544 960 4601 66
988 4541 1144 4602 Ciceronis
1173 4544 1261 4603 domo
1296 4545 1503 4604 iudicaverunt
1533 4541 1657 4618 (Cicero

320 4645 356 4702 66
383 4647 504 4723 1161666.
531 4665 611 4724 resp.
635 4647 665 4717 6,
697 4646 758 4721 12),
787 4665 847 4722 quo
875 4647 953 4703 bunc
980 4645 1152 4721 significari,
1186 4665 1246 4704 non
1275 4647 1482 4725 cognominem
1512 4663 1657 4721 augurem

320 4747 431 4807 dudum
454 4749 510 4806 viri
533 4748 611 4808 docti
635 4748 848 4808 intellexerunt
870 4746 980 4822 (Bardt
1002 4749 1047 4804 616
1066 4746 1195 4807 Prieater
1216 4750 1267 4806 der
1289 4753 1348 4806 uier
1368 4766 1487 4823 pressea
1511 4745 1657 4823 Collepiea

319 4871 347 4926 p.
370 4851 432 4928 15).

403 4951 543 5028 Sequitur
564 4954 734 5011 tribunatus
751 4951 899 5021 militaris,
922 4951 1036 5010 scilicet
1055 4971 1073 5010 a
1096 4952 1209 5030 populo
1226 4953 1325 5023 datus,
1347 4970 1434 5028 quem
1451 4952 1550 5027 elogia
1564 4953 1658 5010 buius

320 5056 428 5112 aetatis
444 5073 605 5128 numquam
622 5055 768 5112 omissum
785 5071 852 5111 6666
869 5054 1031 5111 661666661
1047 5054 1243 5130 (Stuatsreeltt
1259 5055 1286 5126 1,
1302 5054 1388 5129 418),
1411 5052 1557 5111 Messalla
1578 5051 1658 5110 adeo

317 5155 447 5214 iteravit.
