3516 5828
563 479 637 527 unx
665 479 744 528 cot.
774 477 1000 527 (remaneas.
1376 461 1445 528 105

106 665 313 723 ueteranorum,
336 671 413 729 quae
435 654 568 709 uidentur
590 650 747 708 leontinibus
771 653 840 708 deta
863 667 998 725 (quaeque
1021 651 1138 706 rerrdere
1156 653 1283 724 possint,
1306 660 1335 708 et
1358 651 1446 708 sileas

112 763 138 809 et
157 775 272 830 pascito
294 757 364 811 doto
388 754 514 812 coloniae.
536 753 694 828 disputatae,
721 771 796 828 qum
821 753 950 810 ridentur
971 754 1012 808 od
1030 769 1182 826 personum
1205 752 1333 809 coloniae
1355 757 1446 827 ipsius

111 863 254 924 pertinere
275 876 371 934 neque
391 856 451 913 ullo
474 857 555 912 otrodo
579 856 741 912 abalienari
759 873 845 930 posse
873 875 890 911 a
912 873 943 910 re
961 854 1091 929 prtrblieo,
1115 854 1146 910 id
1168 873 1233 910 cum
1257 854 1322 929 lege
1345 865 1447 913 nostra

115 969 172 1014 non
205 960 343 1018 convenit
376 965 531 1027 accurate,
566 958 704 1032 qnoniam
738 975 815 1032 quae
850 967 929 1014 uetat
963 957 1078 1027 uenire,
1116 974 1175 1012 non
1209 956 1360 1028 coloniae,
1394 959 1446 1014 sed

117 1059 229 1120 colonis
263 1062 321 1118 dat.
374 1059 511 1118 Ceterum
542 1058 658 1115 collatis
686 1059 733 1116 lris
761 1058 965 1116 Frontinianis
998 1065 1122 1136 apparet
1152 1057 1229 1135 legis
1260 1060 1357 1134 capite
1389 1060 1445 1117 hoc

121 1161 165 1234 agi
197 1184 253 1222 non
287 1171 348 1220 tarn
381 1162 417 1220 de
450 1161 516 1218 solo
551 1162 678 1230 urbano,
714 1179 894 1234 quamquam
932 1162 1024 1218 semel
1062 1161 1242 1218 adscribitur
1278 1162 1444 1220 aedificium

124 1253 181 1333 (ll,
196 1265 257 1341 30),
286 1284 375 1341 quam
399 1264 436 1321 de
458 1265 538 1339 agris
561 1273 590 1319 et
612 1261 706 1334 siluis,
735 1281 811 1338 sperae
835 1273 903 1320 surrt
925 1263 1008 1340 ipsae
1036 1263 1130 1320 silvae
1157 1271 1187 1320 et
1213 1281 1327 1338 pascua
1348 1263 1444 1321 Fron·

128 1357 187 1434 tine
210 1386 305 1443 poena
325 1385 445 1443 quoque
468 1385 543 1440 quae
566 1364 685 1422 additur
712 1365 741 1421 in
769 1365 827 1422 fine
850 1365 924 1440 legis
948 1365 995 1422 bis
1018 1365 1091 1422 solis
1114 1371 1194 1422 recte
1217 1365 1363 1422 convenit.
1408 1367 1443 1423 In

129 1465 282 1527 universum
310 1479 409 1526 autem
438 1486 503 1524 cum
531 1466 644 1523 Rornae
672 1485 754 1523 more
782 1468 877 1541 magis
904 1485 993 1542 quam
1022 1467 1087 1542 lege
1110 1467 1265 1536 obtineret,
1291 1475 1323 1524 ut
1346 1468 1442 1525 solum

128 1567 230 1634 prrbtieo
258 1571 325 1629 usui
352 1571 534 1628 destinatum
562 1568 688 1626 vendere.
711 1588 747 1625 ne
771 1568 886 1628 liceret.
914 1569 1029 1626 colonis
1053 1589 1070 1626 a
1097 1569 1209 1646 populo
1232 1569 1368 1626 Romano
1391 1569 1442 1627 de-

124 1661 208 1730 tueris
233 1673 461 1749 municipiisque
488 1673 525 1729 ab
552 1670 656 1727 eodem
679 1671 848 1728 constitutis
871 1689 943 1748 ager
967 1673 1032 1746 ipsa
1058 1671 1123 1746 lege
1149 1673 1192 1728 ita
1217 1671 1441 1743 attribuebatur,

119 1775 144 1822 ¹¹¹
160 1775 298 1847 publicus
321 1774 438 1850 quidem
463 1793 564 1832 eorum
588 1774 683 1844 lieret,
714 1773 766 1830 sed
789 1773 899 1849 emptio
922 1773 1053 1830 venditio
1077 1773 1159 1830 nullo
1182 1774 1246 1830 iure
1269 1773 1441 1850 procederet

110 1866 251 1952 ttdeoque,
275 1879 299 1934 si
323 1877 415 1946 fieret,
438 1876 523 1932 irrita
544 1885 623 1933 esset
646 1875 800 1949 solumque
821 1875 914 1930 nihilo
933 1875 1029 1932 minus
1046 1875 1148 1950 populi
1164 1876 1228 1932 eius
1244 1885 1383 1933 maneret.
1403 1909 1438 1917 —

102 1959 217 2036 locari
239 1989 335 2036 autem
359 1996 430 2054 ager
455 1978 601 2036 eiusmodi
630 1989 661 2034 ut
684 1989 783 2052 potest
805 1987 834 2034 et
857 1977 940 2048 solet,
969 1979 1011 2034 ita
1033 1978 1087 2034 bae
1114 1977 1178 2053 lege
1205 1977 1296 2036 locari
1321 1987 1437 2036 retatur
1485 2000 1548 2032 nere

94 2061 227 2151 ¹0ssgius
249 2099 338 2154 quam
361 2081 391 2137 in
414 2080 662 2155 quinquennium
692 2079 721 2136 id
749 2079 828 2153 cqttod
855 2079 967 2136 recedit
993 2079 1030 2136 ab
1053 2099 1088 2136 eo
1115 2081 1178 2137 iure
1201 2081 1281 2156 quod
1304 2080 1334 2136 in
1357 2067 1592 2160 colouttraqptn-

1448 2166 1584 2214 ‹quetttttutn

89 2168 141 2229 niis
196 2181 422 2258 municipiisque
455 2192 533 2239 certe
566 2181 758 2256 imperatoria
791 2189 887 2238 aetate
914 2181 1050 2238 obtinuit.
1100 2181 1178 2239 Nam
1206 2182 1234 2239 in
1263 2193 1437 2258 perpetuum
1457 2233 1573 2282 locentur

83 2265 200 2340 ¹<letari
227 2284 324 2342 solere
348 2282 443 2342 Gaius
467 2284 509 2359 (3,
533 2285 604 2358 145>
635 2285 675 2341 ait
699 2285 824 2358 praedio
852 2287 1022 2358 esternieipurn
1050 2303 1123 2358 quone
1152 2303 1185 2341 eo
1213 2284 1272 2358 lepe
1299 2285 1439 2355 locontur,

80 2383 106 2430 ¹¹²
129 2397 249 2454 qurum
276 2387 326 2443 diu
353 2387 387 2442 id
411 2387 533 2461 centipol
558 2395 730 2460 praestetur,
756 2403 845 2460 oreque
873 2389 929 2460 ipsi
956 2388 1119 2443 corrcluctori
1144 2405 1232 2462 rreqtre
1259 2387 1354 2443 heredi
1381 2391 1438 2444 eius

71 2491 255 2545 tteedton
278 2489 430 2561 auferetur
452 2487 504 2561 (cf.
529 2487 641 2544 Paulus
665 2487 734 2563 Dig.
753 2486 826 2557 e‚3,
845 2489 870 2544 1.
893 2487 941 2558 39,
960 2489 986 2558 -l,
1007 2490 1052 2558 11,
1073 2489 1112 2562 1),
1140 2496 1168 2544 et
1190 2489 1303 2562 passim
1327 2489 1438 2546 inveni·

72 2583 113 2632 tur
165 2606 252 2666 ager
273 2590 419 2648 eiusmodi
443 2590 493 2664 qui
517 2588 671 2663 uectigalis
694 2588 751 2644 diei
774 2589 860 2644 solet.
907 2592 947 2644 At
969 2599 1000 2646 ut
1027 2589 1089 2664 agri
1108 2589 1224 2663 publici
1251 2589 1354 2666 populi
1378 2590 1436 2647 Ro·

69 2688 177 2744 mmi
214 2691 321 2750 locatio
349 2691 494 2748 eiusmodi
521 2691 603 2748 rrrrlla
631 2690 685 2746 suit
712 2689 904 2763 (Stootsreclrt
932 2689 964 2761 2,
985 2691 1076 2766 433),
1109 2692 1151 2748 ita
1178 2689 1292 2748 Caesar
1319 2710 1437 2766 qnoque

67 2777 147 2839 1111ῑῦ
196 2806 273 2852 certe
297 2793 430 2850 coloniae
453 2793 516 2868 agri
541 2794 580 2849 ita
605 2791 721 2849 locandi
744 2793 790 2848 ius
814 2791 878 2867 lege
901 2792 1020 2863 ademit,
1045 2811 1139 2868 neque
1160 2793 1279 2850 ommno
1302 2813 1369 2850 eum
1393 2794 1437 2849 lo·

66 2881 126 2938 ⁰³15
188 2897 286 2954 voluit
308 2895 366 2952 nisi
390 2896 419 2952 in
443 2895 689 2970 quinquennium,
717 2901 748 2951 ut
775 2895 833 2951 duo
857 2895 910 2950 riri
940 2895 1119 2970 quicumque
1145 2895 1249 2951 tierent
1271 2895 1435 2970 quinquen·

65 2982 190 3053 Hales
223 2997 359 3056 censoria
392 3005 539 3073 potestate
573 2997 673 3053 omnia
706 2995 885 3072 municipum
919 2997 1041 3073 praedia
1074 3017 1109 3054 ex
1144 2998 1259 3073 integro
1294 2998 1434 3054 locarent.

64 3082 211 3164 Itaque
239 3100 349 3156 locatio
379 3099 508 3174 exenrpli
538 3115 628 3156 causa
661 3099 690 3154 in
719 3116 813 3154 annos
841 3107 968 3166 centurn,
1003 3099 1101 3172 qualis
1130 3098 1243 3155 Ronrae
1274 3099 1311 3156 ob
1339 3109 1435 3158 certas

64 3203 210 3258 causas
227 3202 307 3259 facta
321 3219 387 3258 esse
403 3201 550 3275 reperitur
567 3199 722 3276 (Hyginus
739 3201 774 3256 de
790 3201 875 3256 cond.
892 3219 954 3276 agr.
971 3221 999 3276 p.
1016 3200 1087 3270 1163
1113 3199 1294 3258 Stoetsreclrt
1309 3199 1337 3270 ⁸2,
1350 3202 1435 3276 433),

65 3294 90 3342 0¹
112 3289 225 3372 ipsa
251 3304 307 3361 hac
334 3303 397 3377 lege
422 3303 518 3359 ordini
541 3302 734 3358 interdicitur.
780 3301 932 3368 Videntur,
950 3315 1046 3358 autem
1069 3303 1131 3378 agri
1154 3303 1197 3359 illi
1222 3304 1383 3378 vectigales
1405 3304 1435 3361 in

65 3405 276 3466 rememoro
309 3405 396 3461 locati
424 3422 482 3461 uon
510 3416 570 3461 tam
599 3404 746 3478 proticisci
772 3424 792 3461 a
819 3404 903 3461 siluis
930 3415 960 3460 et
989 3406 1109 3480 pascuis
1140 3405 1273 3462 coloniae
1305 3406 1334 3462 in
1368 3407 1435 3480 ipsa

63 3507 313 3564 ⁰⁰¹¹Stitutione
340 3507 505 3584 adsignatis
528 3524 616 3580 quam
640 3523 658 3561 a
681 3505 892 3563 donationibus
915 3524 1052 3582 agrorum
1077 3507 1257 3582 priuatorum
1284 3507 1326 3563 ita
1348 3507 1434 3565 ‹effec-

64 3587 111 3661 ilss
187 3617 217 3666 ut
245 3611 283 3667 ab
311 3609 348 3665 iis
375 3609 425 3683 qui
453 3627 506 3665 eos
533 3609 575 3664 rei
602 3607 739 3682 publicae.
767 3607 958 3664 duravissent
981 3627 1048 3664 nrox
1074 3609 1274 3683 reciperentur
1298 3610 1434 3686 uectigali

62 3689 257 3780 imposito,
286 3709 366 3784 quod
396 3711 546 3785 negotium
575 3709 739 3766 luculenter
767 3718 887 3767 enarrat
915 3709 1034 3767 Plinius
1061 3729 1106 3785 cp.
1132 3711 1160 3779 7,
1187 3711 1232 3767 18.
1278 3709 1335 3768 Sed
1356 3712 1433 3770 hanc

62 3807 304 3869 quaestionem
333 3811 420 3869 buius
447 3811 631 3868 tractationis
656 3813 790 3868 terminis
813 3831 1000 3887 nccqrraqnam
1024 3811 1258 3870 concludendam
1282 3813 1354 3870 satis
1377 3813 1434 3870 erit

14 3907 15 3912 ¹
60 3891 245 3976 tetigisae.
270 3945 309 3955 -
340 3911 428 3985 Quod
459 3914 484 3970 si
514 3914 581 3988 quis
611 3923 714 3970 corrtra
744 3915 819 3970 nanc
849 3914 941 3989 legem
972 3931 1074 3989 agrum
1105 3914 1239 3970 coloniae
1267 3916 1434 3988 possederit

59 4009 260 4073 emptionis
290 4014 474 4090 longiorisre
501 4015 657 4072 locationis
684 4015 780 4084 titulo,
810 4015 839 4072 in
869 4016 986 4091 singula
1014 4016 1084 4090 iuga
1114 4016 1309 4091 singulosque
1338 4035 1434 4074 annos

57 4109 197 4174 POt-'na
222 4118 250 4175 ei
276 4117 443 4194 iniungitur
465 4127 654 4174 eerrtenorum
679 4119 895 4190 sestertiorum,
923 4137 998 4192 quac
1027 4128 1054 4174 ct
1082 4119 1146 4194 ipsa
1169 4118 1316 4174 tralaticia
1337 4118 1433 4176 fnisse

57 4208 146 4267 10ῑὲ
156 4233 208 4290 St,
229 4237 412 4295 quamquam
436 4219 507 4276 alibi
530 4220 608 4293 quod
632 4219 723 4276 sciam
746 4239 805 4276 non
829 4227 1087 4276 commemoratur.

186 4319 212 4378 2.
255 4320 303 4378 De
327 4321 382 4376 viis
407 4321 564 4396 fluviisque
587 4339 663 4396 quae
686 4331 827 4379 carerrtur
849 4341 873 4378 e.
891 4321 1070 4378 LXXVlll.
1087 4320 1237 4392 LXXIX,
1260 4323 1289 4378 iu
1314 4325 1561 4378 summovisset

57 4413 83 4450 ω
109 4425 190 4478 Q(t
210 4423 344 4492 redeunt,
367 4430 398 4478 nt
420 4422 525 4496 quales
549 4423 666 4481 fuerunt
688 4433 756 4481 ante
779 4423 925 4480 coloniam
949 4423 1116 4492 deductam,
1146 4423 1220 4480 tales
1247 4423 1374 4481 deducta
1395 4445 1429 4481 ea
1473 4408 1556 4502 flrrrvtt·

58 4513 147 4566 man
158 4534 238 4583 eant
267 4541 321 4582 nec
347 4524 445 4580 minus
474 4544 562 4599 qna-m
590 4536 678 4582 antea
706 4525 817 4600 publici
847 4526 915 4582 sint.
966 4525 998 4581 ld
1029 4527 1126 4583 careri
1156 4525 1277 4582 solitum
1305 4545 1371 4583 csse
1399 4527 1429 4582 in
1462 4490 1557 4553 p⁰b¹¹⁰¹

58 4599 225 4684 ⁰010tuiis
248 4625 431 4684 deducendis
454 4627 608 4701 gromatici
632 4645 750 4702 quoque
773 4628 870 4696 aiunt3
894 4629 936 4684 ita
951 4627 1091 4703 Hyginus
1114 4647 1143 4703 p.
1161 4624 1229 4697 lto,
1247 4629 1298 4686 13:
1322 4647 1431 4702 semper

60 4717 226 4786 “delores
249 4731 419 4786 divisionum
443 4738 606 4797 senserunt,
634 4731 676 4785 uti
698 4747 889 4803 quaestumque
911 4729 973 4786 loco
1003 4747 1100 4798 sucro,
1128 4729 1271 4803 sepulcre,
1300 4729 1428 4800 delardus,

62 4807 144 4868 '’³7⁰²'-
183 4831 314 4904 publicae
337 4847 372 4886 oo
393 4829 573 4904 diunalesl),
589 4832 687 4903 sordes
703 4833 859 4906 fossaeque
879 4831 1012 4906 prulrlicue
1033 4833 1224 4906 oieirrolesque
1247 4839 1364 4899 esseut„
1380 4874 1386 4886 .
1400 4873 1427 4886 ..

66 4912 81 4917 ..
89 4914 102 4920 ,
109 4917 300 4948 „Nm—

178 4981 198 5044 1)
220 4985 337 5038 Delubra
362 4989 417 5038 eine
432 4986 552 5055 publicae
572 5005 602 5038 uc
621 4989 744 5038 eie-mules
768 4991 858 5054 scripsi
883 5006 929 5054 pro
955 5005 986 5038 eo
1011 4991 1080 5054 quod
1105 4990 1215 5039 traditur
1239 4987 1345 5039 ‹lelubro
1369 4987 1428 5054 adq.

70 5049 197 5124 dumet
213 5080 376 5145 aquitonales.
415 5083 507 5145 Aquae
527 5097 584 5130 cum
604 5089 694 5145 postea
714 5082 885 5142 nominentur,
907 5081 947 5130 bie
968 5083 1052 5130 locum
1072 5098 1122 5131 non
1144 5082 1246 5142 lrabent3
1267 5081 1323 5130 riae
1343 5089 1427 5130 autem

77 5157 103 5246 “f
126 5167 229 5231 11¹agis
249 5173 289 5221 bie
310 5173 482 5237 requiruntur,
511 5174 579 5238 «quod
600 5189 664 5238 quae
689 5183 830 5238 sequuntur
850 5175 881 5222 dc
900 5173 1024 5224 limitibus
1044 5174 1158 5234 adiectis,
1185 5173 1291 5222 omnino
1311 5172 1427 5237 flagitant

83 5249 200 5307 ”arum
216 5279 279 5328 quac
299 5270 359 5314 ante
379 5264 506 5314 coloniam
527 5265 663 5317 deductum
683 5265 785 5316 luerunt
805 5267 830 5315 in
851 5265 1063 5330 praecedentibus
1081 5265 1361 5316 commemorationem.
