3458 5820
420 537 729 590 oasauvnrrouns
757 537 1042 593 percurramus.
1324 521 1395 591 331

63 712 235 788 exemplum
265 711 351 770 adest
376 710 405 770 id
435 712 532 790 Ipsum
560 710 640 787 qnod
668 711 738 770 olim
767 711 869 784 attuli3
897 711 1012 771 scilicet
1033 712 1131 771 classe
1153 713 1292 773 Romana
1314 733 1399 790 proe-

63 814 114 872 liis
136 815 293 892 ventisque
314 814 414 872 deleta
435 833 462 874 a.
484 834 511 872 u.
529 833 554 872 c.
572 813 631 872 716
655 803 682 870 el
700 837 729 870 τε
753 807 828 893 φίλοι
850 813 1010 890 Appianas
1037 815 1080 872 ait
1102 815 1143 891 (b.
1168 835 1192 874 e.
1218 817 1246 888 5,
1263 815 1328 892 92),
1350 807 1398 874 ani

63 917 114 974 τῶν
136 907 245 974 πόλεών
266 937 338 978 τινες
360 912 440 994 daupi
464 914 512 992 (C.
529 914 669 992 Caesari)
696 917 766 976 varic
788 912 979 992 ὑπισχνοῦντο
1002 906 1049 973 ani
1070 911 1179 975 ἐποίουν
1201 919 1252 995 (cl.
1268 917 1329 976 Dio
1346 918 1397 990 48,

63 1018 119 1093 49;
142 1018 299 1078 Drumann
322 1021 353 1093 4,
370 1017 453 1094 576).
499 1018 588 1078 Addo
610 1019 737 1078 alterum
761 1018 948 1096 desumptum
971 1038 1009 1078 ex
1025 1019 1149 1080 Valerio
1165 1021 1299 1079 MaxImo
1319 1021 1348 1091 9,
1369 1021 1398 1094 3,

64 1123 82 1180 8
106 1123 157 1198 (el.
172 1123 357 1183 Plutarchus
378 1119 454 1181 Sull.
472 1121 525 1196 37)
547 1129 619 1198 post
639 1121 809 1180 incendium
826 1120 970 1199 Capitolii
993 1122 1071 1182 bello
1093 1120 1219 1184 Sullano
1242 1124 1397 1200 pecuniam

62 1247 81 1284 a
111 1225 324 1286 decurionibus
351 1223 526 1284 Puteolanis
558 1223 736 1300 promissam
767 1223 804 1282 ad
832 1225 1024 1284 refectionem
1053 1225 1127 1285 eius.
1180 1223 1311 1285 Gravius
1341 1237 1397 1296 est,

62 1328 144 1405 quod
171 1334 268 1388 aetate
294 1327 488 1403 imperatoria
515 1327 566 1386 vix
592 1325 663 1384 belli
689 1326 805 1385 navalis
835 1327 945 1385 mentio
971 1327 1018 1400 fit;
1050 1346 1230 1404 quamquam
1258 1348 1295 1387 ne
1323 1329 1397 1387 haec

63 1431 183 1508 quidem
205 1430 327 1490 omnino
349 1429 457 1502 deficit,
479 1448 544 1489 eum
560 1429 741 1506 Vespasiani
760 1428 886 1487 victoria
905 1429 1023 1490 navalis
1045 1430 1075 1488 iu
1098 1431 1174 1508 ipsis
1197 1432 1327 1490 nummis
1349 1451 1397 1490 ce-

63 1535 192 1594 lebretur
214 1532 494 1608 (ternolasco),
524 1531 573 1590 ubi
595 1541 712 1591 constat
730 1530 863 1608 intellegi
884 1532 1030 1607 proelium
1050 1553 1117 1592 cnm
1133 1533 1253 1592 Iudaeis
1275 1535 1305 1592 iu
1327 1534 1396 1591 lacu

64 1635 253 1696 Geneaareth
268 1635 471 1694 commissum.
510 1632 604 1693 Cuius
619 1633 688 1693 belli
704 1634 819 1694 navalis
836 1653 902 1692 cum
918 1653 991 1694 casu
1007 1636 1151 1694 memoria
1167 1636 1205 1694 ad
1220 1654 1276 1694 nos
1292 1655 1397 1712 perve-

63 1740 149 1811 nerit,
176 1739 246 1798 item
268 1738 299 1796 in
321 1737 414 1796 altero
436 1737 517 1796 bello
539 1736 679 1796 Iudaeico
703 1736 860 1808 Hadriani,
883 1738 967 1796 cuins
990 1738 1101 1816 exigna
1122 1738 1227 1796 notitia
1249 1745 1395 1816 superest,

62 1843 160 1902 simile
186 1840 326 1918 quiddam
356 1839 491 1899 accidere
519 1839 626 1916 potuit,
653 1848 683 1897 et
710 1829 779 1898 rere
807 1839 838 1897 iu
868 1840 967 1898 lacero
997 1840 1165 1917 fragmento
1195 1841 1259 1900 eius
1288 1843 1395 1901 aetatis

62 1945 121 2004 vol.
144 1943 190 2002 VI
217 1964 246 2002 u.
264 1941 343 2001 1565
365 1941 436 2002 belli
458 1941 590 2000 Iudaeici
612 1941 723 2001 mentio
745 1941 779 1999 fit
800 1960 860 2000 una
882 1961 950 2001 eum
970 1941 1143 2002 Liburnicis
1165 1951 1195 2001 et
1217 1944 1324 2002 classis
1347 1964 1395 2002 or·

62 2057 145 2106 natu.
188 2045 328 2122 Deanue
358 2045 469 2103 classes
501 2041 682 2103 Germanica
707 2053 738 2103 et
763 2044 938 2103 PannonIca
964 2055 993 2103 et
1020 2045 1098 2104 aliae
1124 2046 1237 2105 multae
1263 2047 1337 2123 quin
1364 2048 1394 2106 iu

62 2149 169 2208 Rheno
201 2159 231 2206 et
261 2147 292 2206 in
321 2147 462 2206 Danuvio
491 2154 522 2206 et
553 2146 623 2205 alibi
657 2167 723 2206 cum
746 2147 883 2206 hostibus
905 2148 1113 2225 pugnaverint,
1146 2153 1214 2225 quis
1235 2159 1396 2226 propterca

61 2253 92 2309 in
125 2249 340 2309 dubitationem
373 2249 508 2322 vocabit,
541 2249 620 2324 qnod
653 2250 689 2307 de
723 2249 872 2308 eiusmodi
905 2250 1013 2328 pugnis
1047 2258 1185 2310 auctores
1220 2251 1395 2311 tacuerunt?

62 2351 121 2414 Sed
155 2361 188 2412 ut
221 2353 278 2411 hoc
311 2352 458 2411 concedas
492 2351 571 2410 bella
602 2351 721 2410 navalia
748 2351 838 2411 etiam
866 2361 963 2412 aetate
991 2353 1185 2430 imperatoria
1211 2354 1305 2413 multa
1331 2355 1394 2430 geri

61 2457 196 2534 potuisse
224 2455 358 2530 adeoque
384 2463 472 2532 gesta
493 2471 561 2512 esse
584 2452 688 2524 videri,
717 2453 764 2511 hie
785 2455 884 2531 agitur
906 2455 1042 2514 debello
1064 2455 1243 2533 gravissimo
1271 2466 1301 2514 et
1326 2475 1393 2514 cum

61 2559 186 2617 summis
213 2557 321 2616 aerarii
349 2556 495 2633 angustiis
523 2556 697 2626 coniunct0;
725 2575 792 2614 nam
821 2574 894 2614 sane
920 2566 1044 2634 propter
1065 2557 1211 2633 proelium
1234 2557 1309 2616 illud
1332 2556 1393 2617 Ge-

60 2659 275 2720 nezerathense
309 2659 479 2734 similiaque
512 2657 627 2734 reliqua
658 2658 818 2717 Ostienses
850 2659 974 2734 praedia
1005 2677 1061 2717 sua
1093 2679 1154 2717 non
1187 2659 1391 2719 vendiderunt.

60 2763 208 2839 Equidem
241 2762 298 2820 hoe
326 2761 446 2822 saeculo
479 2781 571 2819 unum
604 2761 702 2818 solum
735 2759 846 2818 bellum
869 2761 954 2834 novi,
989 2761 1026 2820 ad
1049 2761 1129 2838 quod
1151 2761 1225 2820 talia
1246 2769 1325 2821 recte
1346 2782 1392 2820 re·

59 2865 131 2925 ferri
152 2865 280 2943 possint,
303 2864 417 2925 scillcet
438 2863 517 2940 quod
540 2862 660 2922 Marcus
683 2864 779 2939 gessit
800 2881 865 2921 cum
881 2863 1092 2922 Marcomanis.
1137 2862 1214 2922 Nam
1237 2883 1296 2941 quo
1319 2873 1392 2923 tem·

58 2988 131 3048 pore
171 2968 236 3044 ipse
276 2968 455 3044 imperator,
488 2985 554 3026 cum
587 2965 733 3024 aerarium
767 2966 946 3026 exhaustum
980 2966 1110 3039 rideret,
1143 2966 1259 3026 civibus
1293 2977 1390 3026 autem

58 3072 204 3132 molestus
226 3088 294 3130 esse
321 3069 423 3142 nollet,
451 3089 504 3146 per
530 3069 605 3127 duos
628 3086 746 3127 menses
768 3069 884 3128 Romae
910 3069 940 3128 in
963 3069 1028 3128 loro
1050 3070 1112 3128 divi
1134 3068 1258 3128 Traiani
1279 3072 1391 3129 auctio·

58 3193 125 3232 nem
141 3179 382 3233 ornamentorum
398 3171 598 3248 imperialium
621 3171 691 3230 lecit
714 3169 854 3246 (vitali.
872 3170 925 3244 213
948 3171 1112 3247 Eutropius
1129 3172 1157 3242 8,
1177 3173 1244 3248 13),
1267 3174 1295 3231 ei
1318 3181 1391 3230 tern-

59 3277 126 3352 pori
152 3284 230 3334 recte
256 3275 393 3334 convenit
419 3275 543 3334 colonos
569 3272 725 3333 Ostienses
755 3283 789 3332 ut
814 3275 969 3351 pecuniam
997 3284 1104 3352 sponte
1131 3293 1187 3334 sua
1214 3275 1252 3334 ad
1277 3275 1389 3334 bellum

58 3378 234 3455 promissam
263 3377 438 3436 exolverunt
461 3377 582 3453 praedia
610 3395 665 3436 sua
695 3376 821 3436 vendere
855 3377 996 3436 voluisse.
1041 3377 1106 3436 Nec
1134 3377 1263 3436 dubitari
1291 3385 1392 3454 potest

57 3481 135 3538 inter
161 3486 300 3556 sumptus
327 3480 392 3538 eins
419 3479 489 3538 belli
517 3497 608 3538 naves
635 3498 755 3556 quoque
785 3479 878 3538 falsae
905 3479 942 3538 ad
972 3480 1099 3539 classem
1128 3480 1334 3538 Pannonicum
1361 3491 1391 3538 et

58 3581 239 3640 Moesiacam
262 3581 438 3660 aagendam.
482 3581 623 3658 Denique
647 3579 786 3654 Gamala,
808 3601 896 3658 quern
919 3603 944 3640 a.
971 3580 1029 3642 138
1052 3581 1271 3640 adulescentem
1297 3582 1390 3641 inleso

58 3683 197 3756 vidimus,
227 3685 265 3742 ad
288 3703 315 3742 a.
338 3703 363 3742 c.
389 3684 448 3741 170
474 3682 612 3742 advivere
635 3685 742 3759 potuit.
785 3682 883 3758 Quam
910 3683 1032 3742 obrem
1056 3683 1128 3741 mihi
1155 3685 1228 3742 satia
1251 3691 1390 3742 constare

58 3785 174 3844 videtur
201 3785 249 3863 agi
278 3785 335 3844 hoc
367 3785 432 3844 locu
460 3785 497 3845 de
530 3785 746 3862 pollicitatione
772 3785 851 3844 laeta
879 3786 916 3843 ab
939 3783 1133 3844 Ostiensibus
1161 3792 1295 3862 tempore
1317 3785 1389 3844 belli

56 3887 278 3948 Marcomanici.

193 4111 248 4170 IV.
292 4108 555 4173 TESTIMONIA
578 4109 734 4170 POPVLI
756 4109 814 4168 DE
835 4107 1008 4170 MERITIS
1033 4108 1252 4170 GAMALAE.

144 4298 169 4354 1.
214 4296 279 4356 dulc
301 4307 396 4356 statua
413 4315 502 4356 oanan
519 4297 675 4374 peq(uniu)
695 4296 843 4374 palaico)
866 4296 1077 4373 doemonum)
1100 4295 1240 4372 d(ecreto)
1259 4295 1387 4373 pesida)

58 4410 99 4458 ast
127 4397 168 4474 (B
192 4396 261 4475 28);
290 4399 426 4458 similiter
447 4400 476 4457 A
499 4399 553 4458 38:
583 4403 648 4458 itera
675 4399 782 4458 ahenea
811 4399 940 4475 (statua)
971 4400 999 4456 d.
1027 4401 1055 4457 d.
1082 4418 1112 4475 p.
1135 4419 1167 4475 p.
1193 4402 1292 4475 posita
1319 4398 1387 4476 (est)

50 4519 189 4576 proxume
211 4500 338 4560 tribunal
359 4501 571 4578 quaequae).

140 4601 168 4661 2.
212 4603 278 4662 luit
304 4614 400 4663 amuco
425 4607 563 4663 inaurata
590 4601 728 4680 d(eercto)
756 4602 965 4680 d(eeurionum)
989 4602 1142 4682 p(ccuniu)
1166 4604 1315 4681 p(ublr'ca)
1335 4623 1387 4680 po·

53 4709 112 4762 aito
131 4715 173 4764 cat
194 4704 236 4781 (A
258 4704 321 4782 36).

139 4807 167 4864 3.
211 4808 284 4865 luae
306 4809 468 4868 decuriones
483 4811 589 4884 sunem
608 4809 723 4885 publico
747 4809 916 4884 efferendam
939 4821 1106 4869 emanarunt
1127 4809 1169 4884 (Α
1185 4809 1250 4885 44).
1288 4807 1385 4868 Simili

54 4909 184 4967 lormula
207 4910 301 4968 utitur
323 4909 426 4969 titulus
449 4911 525 4970 alter
548 4909 702 4970 Ostiensis
724 4909 858 4971 Henneni
882 4932 909 4970 n.
931 4913 1022 4970 7011.

617 5195 821 5205 *-
