<?xml version="1.0" encoding="UTF-8"?>
<!DOCTYPE html PUBLIC "-//W3C//DTD XHTML 1.0 Transitional//EN"
    "http://www.w3.org/TR/xhtml1/DTD/xhtml1-transitional.dtd">
<html xmlns="http://www.w3.org/1999/xhtml" xml:lang="en" lang="en">
 <head>
  <title>
</title>
<meta http-equiv="Content-Type" content="text/html;charset=utf-8" />
  <meta name='ocr-system' content='tesseract 3.04.00' />
  <meta name='ocr-capabilities' content='ocr_page ocr_carea ocr_par ocr_line ocrx_word'/>
</head>
<body>
  <div class='ocr_page' id='page_1' title='image "./ephemerisepigra02henzgoog_0297.png"; bbox 0 0 3458 5820; ppageno 0'>
   <div class='ocr_carea' id='block_1_1' title="bbox 344 516 1390 602">
    <p class='ocr_par' dir='ltr' id='par_1_1' title="bbox 344 516 1390 602">
     <span class='ocr_line' id='line_1_1' title="bbox 344 516 1390 602; baseline -0.003 -13"><span class='ocrx_word' id='word_1_1' title='bbox 344 536 509 589; x_wconf 81' lang='lat' dir='ltr'>sruuoes</span> <span class='ocrx_word' id='word_1_2' title='bbox 536 535 822 588; x_wconf 82' lang='lat' dir='ltr'>msenmrrouvn</span> <span class='ocrx_word' id='word_1_3' title='bbox 848 535 932 588; x_wconf 82' lang='lat' dir='ltr'>scm</span> <span class='ocrx_word' id='word_1_4' title='bbox 956 535 1112 602; x_wconf 73' lang='lat' dir='ltr'>nonant.</span> <span class='ocrx_word' id='word_1_5' title='bbox 1317 516 1390 588; x_wconf 79' lang='lat'>269</span> 
     </span>
    </p>
   </div>
   <div class='ocr_carea' id='block_1_2' title="bbox 88 709 1394 4543">
    <p class='ocr_par' dir='ltr' id='par_1_2' title="bbox 88 709 1394 4543">
     <span class='ocr_line' id='line_1_2' title="bbox 98 709 1389 786; baseline 0 -20"><span class='ocrx_word' id='word_1_6' title='bbox 98 719 194 766; x_wconf 87' lang='lat' dir='ltr'>autern</span> <span class='ocrx_word' id='word_1_7' title='bbox 223 729 349 768; x_wconf 89' lang='lat' dir='ltr'>numero</span> <span class='ocrx_word' id='word_1_8' title='bbox 377 721 491 786; x_wconf 81' lang='lat' dir='ltr'>septem</span> <span class='ocrx_word' id='word_1_9' title='bbox 520 709 594 785; x_wconf 88' lang='lat' dir='ltr'>(tres</span> <span class='ocrx_word' id='word_1_10' title='bbox 617 719 742 768; x_wconf 86' lang='lat' dir='ltr'>noverat</span> <span class='ocrx_word' id='word_1_11' title='bbox 763 709 933 784; x_wconf 88' lang='lat' dir='ltr'>Bunsenus)</span> <span class='ocrx_word' id='word_1_12' title='bbox 961 709 1038 768; x_wconf 83' lang='lat' dir='ltr'>altae</span> <span class='ocrx_word' id='word_1_13' title='bbox 1066 709 1135 785; x_wconf 91' lang='lat' dir='ltr'>plus</span> <span class='ocrx_word' id='word_1_14' title='bbox 1161 709 1261 768; x_wconf 90' lang='lat' dir='ltr'>minus</span> <span class='ocrx_word' id='word_1_15' title='bbox 1284 729 1322 766; x_wconf 94' lang='lat' dir='ltr'>m.</span> <span class='ocrx_word' id='word_1_16' title='bbox 1340 709 1389 780; x_wconf 85' lang='lat'>3‚0</span> 
     </span>
     <span class='ocr_line' id='line_1_3' title="bbox 97 811 1389 890; baseline 0 -22"><span class='ocrx_word' id='word_1_17' title='bbox 97 830 132 868; x_wconf 85' lang='lat' dir='ltr'>ac</span> <span class='ocrx_word' id='word_1_18' title='bbox 155 811 216 868; x_wconf 87' lang='lat' dir='ltr'>fere</span> <span class='ocrx_word' id='word_1_19' title='bbox 239 811 306 870; x_wconf 89' lang='lat' dir='ltr'>luce</span> <span class='ocrx_word' id='word_1_20' title='bbox 328 813 463 888; x_wconf 85' lang='lat' dir='ltr'>privatae</span> <span class='ocrx_word' id='word_1_21' title='bbox 487 813 528 888; x_wconf 62' lang='lat' dir='ltr'>(v,</span> <span class='ocrx_word' id='word_1_22' title='bbox 552 814 651 890; x_wconf 82' lang='lat' dir='ltr'>imago</span> <span class='ocrx_word' id='word_1_23' title='bbox 674 812 756 887; x_wconf 83' lang='lat' dir='ltr'>plrot.</span> <span class='ocrx_word' id='word_1_24' title='bbox 780 812 859 888; x_wconf 88' lang='lat' dir='ltr'>apud</span> <span class='ocrx_word' id='word_1_25' title='bbox 882 811 1048 870; x_wconf 85' lang='lat' dir='ltr'>Parkerum</span> <span class='ocrx_word' id='word_1_26' title='bbox 1065 811 1135 872; x_wconf 83' lang='lat' dir='ltr'>For.</span> <span class='ocrx_word' id='word_1_27' title='bbox 1151 812 1192 888; x_wconf 90' lang='lat' dir='ltr'>pl.</span> <span class='ocrx_word' id='word_1_28' title='bbox 1208 811 1280 888; x_wconf 88' lang='lat' dir='ltr'>IX),</span> <span class='ocrx_word' id='word_1_29' title='bbox 1303 830 1389 887; x_wconf 86' lang='lat' dir='ltr'>prae·</span> 
     </span>
     <span class='ocr_line' id='line_1_4' title="bbox 96 913 1390 990; baseline 0.001 -21"><span class='ocrx_word' id='word_1_30' title='bbox 96 913 198 971; x_wconf 89' lang='lat' dir='ltr'>sertim</span> <span class='ocrx_word' id='word_1_31' title='bbox 227 933 294 972; x_wconf 91' lang='lat' dir='ltr'>cum</span> <span class='ocrx_word' id='word_1_32' title='bbox 322 914 465 989; x_wconf 86' lang='lat' dir='ltr'>templum</span> <span class='ocrx_word' id='word_1_33' title='bbox 493 913 676 989; x_wconf 84' lang='lat' dir='ltr'>Vespasiani</span> <span class='ocrx_word' id='word_1_34' title='bbox 702 914 762 971; x_wconf 85' lang='lat' dir='ltr'>alte</span> <span class='ocrx_word' id='word_1_35' title='bbox 791 915 994 973; x_wconf 90' lang='lat' dir='ltr'>substructum</span> <span class='ocrx_word' id='word_1_36' title='bbox 1022 925 1052 972; x_wconf 90' lang='lat' dir='ltr'>et</span> <span class='ocrx_word' id='word_1_37' title='bbox 1073 915 1248 990; x_wconf 78' lang='lat' dir='ltr'>angiportus</span> <span class='ocrx_word' id='word_1_38' title='bbox 1271 914 1390 990; x_wconf 82' lang='lat' dir='ltr'><strong>angusti</strong></span> 
     </span>
     <span class='ocr_line' id='line_1_5' title="bbox 98 1015 1391 1094; baseline 0.002 -24"><span class='ocrx_word' id='word_1_39' title='bbox 98 1015 198 1090; x_wconf 85' lang='lat' dir='ltr'>spatio</span> <span class='ocrx_word' id='word_1_40' title='bbox 221 1015 400 1092; x_wconf 88' lang='lat' dir='ltr'>diremptum</span> <span class='ocrx_word' id='word_1_41' title='bbox 424 1017 586 1088; x_wconf 81' lang='lat' dir='ltr'>obstiterit3</span> <span class='ocrx_word' id='word_1_42' title='bbox 609 1023 647 1074; x_wconf 78' lang='lat' dir='ltr'>ut·</span> <span class='ocrx_word' id='word_1_43' title='bbox 663 1016 794 1073; x_wconf 83' lang='lat' dir='ltr'><strong>nesciam</strong></span> <span class='ocrx_word' id='word_1_44' title='bbox 814 1015 963 1092; x_wconf 89' lang='lat' dir='ltr'>quomodo</span> <span class='ocrx_word' id='word_1_45' title='bbox 986 1017 1017 1074; x_wconf 92' lang='lat' dir='ltr'>in</span> <span class='ocrx_word' id='word_1_46' title='bbox 1039 1017 1086 1074; x_wconf 91' lang='lat' dir='ltr'>his</span> <span class='ocrx_word' id='word_1_47' title='bbox 1110 1016 1224 1093; x_wconf 84' lang='lat' dir='ltr'>cryptis</span> <span class='ocrx_word' id='word_1_48' title='bbox 1247 1016 1391 1094; x_wconf 85' lang='lat' dir='ltr'>caligino-</span> 
     </span>
     <span class='ocr_line' id='line_1_6' title="bbox 96 1117 1391 1194; baseline 0.001 -20"><span class='ocrx_word' id='word_1_49' title='bbox 96 1118 138 1174; x_wconf 87' lang='lat' dir='ltr'>sis</span> <span class='ocrx_word' id='word_1_50' title='bbox 168 1126 257 1194; x_wconf 90' lang='lat' dir='ltr'>atque</span> <span class='ocrx_word' id='word_1_51' title='bbox 281 1117 432 1192; x_wconf 81' lang='lat' dir='ltr'>depressis</span> <span class='ocrx_word' id='word_1_52' title='bbox 455 1119 570 1176; x_wconf 88' lang='lat' dir='ltr'>scribae</span> <span class='ocrx_word' id='word_1_53' title='bbox 593 1118 708 1176; x_wconf 87' lang='lat' dir='ltr'>librarii</span> <span class='ocrx_word' id='word_1_54' title='bbox 731 1119 897 1176; x_wconf 84' lang='lat' dir='ltr'>consistere</span> <span class='ocrx_word' id='word_1_55' title='bbox 919 1118 1080 1194; x_wconf 88' lang='lat' dir='ltr'>potuerint.</span> <span class='ocrx_word' id='word_1_56' title='bbox 1124 1137 1179 1175; x_wconf 88' lang='lat' dir='ltr'>nec</span> <span class='ocrx_word' id='word_1_57' title='bbox 1200 1127 1301 1194; x_wconf 87' lang='lat' dir='ltr'>potest</span> <span class='ocrx_word' id='word_1_58' title='bbox 1322 1126 1391 1175; x_wconf 84' lang='lat' dir='ltr'>ante</span> 
     </span>
     <span class='ocr_line' id='line_1_7' title="bbox 98 1219 1390 1298; baseline 0.002 -23"><span class='ocrx_word' id='word_1_59' title='bbox 98 1219 176 1277; x_wconf 85' lang='lat' dir='ltr'>ostia</span> <span class='ocrx_word' id='word_1_60' title='bbox 202 1239 304 1278; x_wconf 87' lang='lat' dir='ltr'>earum</span> <span class='ocrx_word' id='word_1_61' title='bbox 330 1221 463 1296; x_wconf 89' lang='lat' dir='ltr'>porticus</span> <span class='ocrx_word' id='word_1_62' title='bbox 493 1219 616 1278; x_wconf 88' lang='lat' dir='ltr'>scholae</span> <span class='ocrx_word' id='word_1_63' title='bbox 637 1221 743 1290; x_wconf 84' lang='lat' dir='ltr'>luisse,</span> <span class='ocrx_word' id='word_1_64' title='bbox 769 1222 879 1297; x_wconf 88' lang='lat' dir='ltr'>quippe</span> <span class='ocrx_word' id='word_1_65' title='bbox 901 1238 978 1296; x_wconf 88' lang='lat' dir='ltr'>quac</span> <span class='ocrx_word' id='word_1_66' title='bbox 1004 1220 1035 1278; x_wconf 92' lang='lat' dir='ltr'>in</span> <span class='ocrx_word' id='word_1_67' title='bbox 1057 1223 1135 1278; x_wconf 85' lang='lat' dir='ltr'>riam</span> <span class='ocrx_word' id='word_1_68' title='bbox 1159 1229 1192 1278; x_wconf 92' lang='lat' dir='ltr'>ut</span> <span class='ocrx_word' id='word_1_69' title='bbox 1214 1220 1276 1278; x_wconf 87' lang='lat' dir='ltr'>dixi</span> <span class='ocrx_word' id='word_1_70' title='bbox 1298 1239 1390 1298; x_wconf 84' lang='lat' dir='ltr'>angu-</span> 
     </span>
     <span class='ocr_line' id='line_1_8' title="bbox 97 1321 1390 1400; baseline 0.001 -23"><span class='ocrx_word' id='word_1_71' title='bbox 97 1327 175 1378; x_wconf 83' lang='lat' dir='ltr'>stam</span> <span class='ocrx_word' id='word_1_72' title='bbox 203 1331 326 1397; x_wconf 84' lang='lat' dir='ltr'>pateunt</span> <span class='ocrx_word' id='word_1_73' title='bbox 351 1321 433 1380; x_wconf 91' lang='lat' dir='ltr'>nullo</span> <span class='ocrx_word' id='word_1_74' title='bbox 455 1333 587 1399; x_wconf 89' lang='lat' dir='ltr'>tempore</span> <span class='ocrx_word' id='word_1_75' title='bbox 610 1322 681 1398; x_wconf 92' lang='lat' dir='ltr'>pilis</span> <span class='ocrx_word' id='word_1_76' title='bbox 704 1321 889 1380; x_wconf 87' lang='lat' dir='ltr'>columnisve</span> <span class='ocrx_word' id='word_1_77' title='bbox 917 1321 1108 1380; x_wconf 81' lang='lat' dir='ltr'>conlocandis</span> <span class='ocrx_word' id='word_1_78' title='bbox 1135 1329 1245 1400; x_wconf 88' lang='lat' dir='ltr'>aptam.</span> <span class='ocrx_word' id='word_1_79' title='bbox 1290 1321 1390 1397; x_wconf 86' lang='lat' dir='ltr'>itaque</span> 
     </span>
     <span class='ocr_line' id='line_1_9' title="bbox 98 1422 1389 1501; baseline 0 -21"><span class='ocrx_word' id='word_1_80' title='bbox 98 1441 136 1480; x_wconf 90' lang='lat' dir='ltr'>ne</span> <span class='ocrx_word' id='word_1_81' title='bbox 163 1423 220 1480; x_wconf 87' lang='lat' dir='ltr'>hoc</span> <span class='ocrx_word' id='word_1_82' title='bbox 245 1424 365 1498; x_wconf 89' lang='lat' dir='ltr'>quidem</span> <span class='ocrx_word' id='word_1_83' title='bbox 389 1423 528 1482; x_wconf 88' lang='lat' dir='ltr'>Dutertio</span> <span class='ocrx_word' id='word_1_84' title='bbox 551 1423 680 1498; x_wconf 88' lang='lat' dir='ltr'>(Forum</span> <span class='ocrx_word' id='word_1_85' title='bbox 702 1444 731 1501; x_wconf 90' lang='lat' dir='ltr'>p.</span> <span class='ocrx_word' id='word_1_86' title='bbox 752 1422 803 1498; x_wconf 79' lang='lat'>12)</span> <span class='ocrx_word' id='word_1_87' title='bbox 831 1423 993 1482; x_wconf 83' lang='lat' dir='ltr'>concedam</span> <span class='ocrx_word' id='word_1_88' title='bbox 1023 1424 1053 1481; x_wconf 93' lang='lat' dir='ltr'>in</span> <span class='ocrx_word' id='word_1_89' title='bbox 1082 1423 1166 1482; x_wconf 89' lang='lat' dir='ltr'>cellis</span> <span class='ocrx_word' id='word_1_90' title='bbox 1189 1424 1251 1482; x_wconf 92' lang='lat' dir='ltr'>illis</span> <span class='ocrx_word' id='word_1_91' title='bbox 1274 1433 1389 1500; x_wconf 89' lang='lat' dir='ltr'>septem</span> 
     </span>
     <span class='ocr_line' id='line_1_10' title="bbox 88 1512 1390 1602; baseline 0.002 -22"><span class='ocrx_word' id='word_1_92' title='bbox 88 1512 234 1599; x_wconf 56' lang='lat' dir='ltr'>&#39;inopinae</span> <span class='ocrx_word' id='word_1_93' title='bbox 261 1537 411 1600; x_wconf 79' lang='lat' dir='ltr'>arpenteas</span> <span class='ocrx_word' id='word_1_94' title='bbox 433 1527 548 1584; x_wconf 86' lang='lat' dir='ltr'>deorum</span> <span class='ocrx_word' id='word_1_95' title='bbox 571 1536 674 1602; x_wconf 82' lang='lat' dir='ltr'>septem</span> <span class='ocrx_word' id='word_1_96' title='bbox 704 1526 763 1601; x_wconf 92' lang='lat' dir='ltr'>(tit.</span> <span class='ocrx_word' id='word_1_97' title='bbox 787 1527 817 1601; x_wconf 89' lang='lat' dir='ltr'>c)</span> <span class='ocrx_word' id='word_1_98' title='bbox 845 1526 1008 1584; x_wconf 87' lang='lat' dir='ltr'>collocatas</span> <span class='ocrx_word' id='word_1_99' title='bbox 1036 1525 1132 1584; x_wconf 85' lang='lat' dir='ltr'>luisse</span> <span class='ocrx_word' id='word_1_100' title='bbox 1155 1525 1212 1583; x_wconf 90' lang='lat' dir='ltr'>nisi</span> <span class='ocrx_word' id='word_1_101' title='bbox 1235 1525 1292 1583; x_wconf 87' lang='lat' dir='ltr'>hes</span> <span class='ocrx_word' id='word_1_102' title='bbox 1314 1543 1390 1601; x_wconf 89' lang='lat' dir='ltr'>quas</span> 
     </span>
     <span class='ocr_line' id='line_1_11' title="bbox 96 1626 1391 1704; baseline 0.001 -22"><span class='ocrx_word' id='word_1_103' title='bbox 96 1626 225 1702; x_wconf 89' lang='lat' dir='ltr'>exposui</span> <span class='ocrx_word' id='word_1_104' title='bbox 248 1627 379 1685; x_wconf 87' lang='lat' dir='ltr'>rationes</span> <span class='ocrx_word' id='word_1_105' title='bbox 402 1628 598 1703; x_wconf 84' lang='lat' dir='ltr'>redarguerit.</span> <span class='ocrx_word' id='word_1_106' title='bbox 615 1661 655 1672; x_wconf 92' lang='lat'>-</span> <span class='ocrx_word' id='word_1_107' title='bbox 672 1629 778 1702; x_wconf 90' lang='lat' dir='ltr'>quodsi</span> <span class='ocrx_word' id='word_1_108' title='bbox 801 1646 930 1704; x_wconf 88' lang='lat' dir='ltr'>quaeras</span> <span class='ocrx_word' id='word_1_109' title='bbox 952 1627 1003 1685; x_wconf 89' lang='lat' dir='ltr'>ubi</span> <span class='ocrx_word' id='word_1_110' title='bbox 1027 1627 1160 1686; x_wconf 90' lang='lat' dir='ltr'>scholam</span> <span class='ocrx_word' id='word_1_111' title='bbox 1182 1627 1277 1686; x_wconf 86' lang='lat' dir='ltr'>fuisse</span> <span class='ocrx_word' id='word_1_112' title='bbox 1307 1627 1391 1702; x_wconf 88' lang='lat' dir='ltr'>equi·</span> 
     </span>
     <span class='ocr_line' id='line_1_12' title="bbox 97 1727 1392 1798; baseline 0.002 -14"><span class='ocrx_word' id='word_1_113' title='bbox 97 1727 164 1784; x_wconf 87' lang='lat' dir='ltr'>dem</span> <span class='ocrx_word' id='word_1_114' title='bbox 188 1728 365 1798; x_wconf 88' lang='lat' dir='ltr'>existimem,</span> <span class='ocrx_word' id='word_1_115' title='bbox 387 1730 484 1788; x_wconf 86' lang='lat' dir='ltr'>fateor</span> <span class='ocrx_word' id='word_1_116' title='bbox 506 1749 553 1788; x_wconf 91' lang='lat' dir='ltr'>me</span> <span class='ocrx_word' id='word_1_117' title='bbox 577 1730 712 1788; x_wconf 86' lang='lat' dir='ltr'>dubitare</span> <span class='ocrx_word' id='word_1_118' title='bbox 735 1749 773 1788; x_wconf 85' lang='lat' dir='ltr'>aa</span> <span class='ocrx_word' id='word_1_119' title='bbox 796 1730 918 1788; x_wconf 90' lang='lat' dir='ltr'>omnino</span> <span class='ocrx_word' id='word_1_120' title='bbox 934 1729 1084 1788; x_wconf 86' lang='lat' dir='ltr'>Marlianii</span> <span class='ocrx_word' id='word_1_121' title='bbox 1107 1737 1137 1787; x_wconf 90' lang='lat' dir='ltr'>et</span> <span class='ocrx_word' id='word_1_122' title='bbox 1159 1729 1287 1788; x_wconf 86' lang='lat' dir='ltr'>Manutii</span> <span class='ocrx_word' id='word_1_123' title='bbox 1309 1731 1392 1789; x_wconf 90' lang='lat' dir='ltr'>testi-</span> 
     </span>
     <span class='ocr_line' id='line_1_13' title="bbox 97 1824 1392 1909; baseline 0.003 -23"><span class='ocrx_word' id='word_1_124' title='bbox 97 1830 201 1887; x_wconf 87' lang='lat' dir='ltr'>monia</span> <span class='ocrx_word' id='word_1_125' title='bbox 227 1849 304 1906; x_wconf 86' lang='lat' dir='ltr'>quae</span> <span class='ocrx_word' id='word_1_126' title='bbox 332 1839 401 1889; x_wconf 89' lang='lat' dir='ltr'>sunt</span> <span class='ocrx_word' id='word_1_127' title='bbox 426 1827 496 1889; x_wconf 86' lang='lat' dir='ltr'>‘svs</span> <span class='ocrx_word' id='word_1_128' title='bbox 523 1827 650 1909; x_wconf 89' lang='lat' dir='ltr'>templo&#39;</span> <span class='ocrx_word' id='word_1_129' title='bbox 676 1824 810 1902; x_wconf 77' lang='lat' dir='ltr'>Saturni,</span> <span class='ocrx_word' id='word_1_130' title='bbox 836 1827 955 1908; x_wconf 89' lang='lat' dir='ltr'>‘presso</span> <span class='ocrx_word' id='word_1_131' title='bbox 983 1831 1073 1890; x_wconf 89' lang='lat' dir='ltr'>l&#39;arco</span> <span class='ocrx_word' id='word_1_132' title='bbox 1096 1831 1125 1888; x_wconf 91' lang='lat' dir='ltr'>di</span> <span class='ocrx_word' id='word_1_133' title='bbox 1149 1827 1301 1890; x_wconf 86' lang='lat' dir='ltr'>Settimio’</span> <span class='ocrx_word' id='word_1_134' title='bbox 1328 1832 1392 1891; x_wconf 90' lang='lat' dir='ltr'>iure</span> 
     </span>
     <span class='ocr_line' id='line_1_14' title="bbox 95 1931 1393 2010; baseline 0.002 -22"><span class='ocrx_word' id='word_1_135' title='bbox 95 1941 237 2007; x_wconf 88' lang='lat' dir='ltr'>putentur</span> <span class='ocrx_word' id='word_1_136' title='bbox 264 1932 303 1990; x_wconf 86' lang='lat' dir='ltr'>ad</span> <span class='ocrx_word' id='word_1_137' title='bbox 329 1931 425 1991; x_wconf 91' lang='lat' dir='ltr'>locum</span> <span class='ocrx_word' id='word_1_138' title='bbox 456 1953 563 1992; x_wconf 88' lang='lat' dir='ltr'>revera</span> <span class='ocrx_word' id='word_1_139' title='bbox 589 1953 644 1992; x_wconf 88' lang='lat' dir='ltr'>nec</span> <span class='ocrx_word' id='word_1_140' title='bbox 671 1933 726 1992; x_wconf 93' lang='lat' dir='ltr'>sub</span> <span class='ocrx_word' id='word_1_141' title='bbox 748 1933 860 2008; x_wconf 91' lang='lat' dir='ltr'>templo</span> <span class='ocrx_word' id='word_1_142' title='bbox 886 1952 982 2008; x_wconf 87' lang='lat' dir='ltr'>neque</span> <span class='ocrx_word' id='word_1_143' title='bbox 1005 1934 1043 1992; x_wconf 86' lang='lat' dir='ltr'>ad</span> <span class='ocrx_word' id='word_1_144' title='bbox 1065 1952 1168 1992; x_wconf 89' lang='lat' dir='ltr'>arcum</span> <span class='ocrx_word' id='word_1_145' title='bbox 1192 1934 1280 1991; x_wconf 91' lang='lat' dir='ltr'>situm</span> <span class='ocrx_word' id='word_1_146' title='bbox 1302 1933 1393 2010; x_wconf 86' lang='lat' dir='ltr'>perti-</span> 
     </span>
     <span class='ocr_line' id='line_1_15' title="bbox 97 2034 1393 2112; baseline 0.002 -22"><span class='ocrx_word' id='word_1_147' title='bbox 97 2052 177 2090; x_wconf 90' lang='lat' dir='ltr'>nere.</span> <span class='ocrx_word' id='word_1_148' title='bbox 195 2066 232 2076; x_wconf 95' lang='lat'><em>-</em></span> <span class='ocrx_word' id='word_1_149' title='bbox 250 2034 353 2092; x_wconf 91' lang='lat' dir='ltr'>titulos</span> <span class='ocrx_word' id='word_1_150' title='bbox 376 2036 420 2094; x_wconf 90' lang='lat' dir='ltr'>sic</span> <span class='ocrx_word' id='word_1_151' title='bbox 440 2035 522 2094; x_wconf 90' lang='lat' dir='ltr'>dedit</span> <span class='ocrx_word' id='word_1_152' title='bbox 537 2035 715 2094; x_wconf 86' lang='lat' dir='ltr'>Marlianius</span> <span class='ocrx_word' id='word_1_153' title='bbox 732 2035 832 2111; x_wconf 89' lang='lat' dir='ltr'>(cuius</span> <span class='ocrx_word' id='word_1_154' title='bbox 848 2035 987 2111; x_wconf 92' lang='lat' dir='ltr'>exemplo</span> <span class='ocrx_word' id='word_1_155' title='bbox 1002 2036 1149 2112; x_wconf 91' lang='lat' dir='ltr'>potiorem</span> <span class='ocrx_word' id='word_1_156' title='bbox 1166 2043 1332 2094; x_wconf 90' lang='lat' dir='ltr'>ceterorum</span> <span class='ocrx_word' id='word_1_157' title='bbox 1348 2035 1393 2092; x_wconf 91' lang='lat' dir='ltr'>di·</span> 
     </span>
     <span class='ocr_line' id='line_1_16' title="bbox 98 2131 1391 2215; baseline 0 -21"><span class='ocrx_word' id='word_1_158' title='bbox 98 2135 301 2210; x_wconf 86' lang='lat' dir='ltr'>screpantiam</span> <span class='ocrx_word' id='word_1_159' title='bbox 322 2137 480 2213; x_wconf 85' lang='lat' dir='ltr'>inseram):</span> <span class='ocrx_word' id='word_1_160' title='bbox 502 2133 584 2196; x_wconf 87' lang='lat' dir='ltr'>‘nam</span> <span class='ocrx_word' id='word_1_161' title='bbox 598 2154 660 2197; x_wconf 73' lang='lat' dir='ltr'>imo</span> <span class='ocrx_word' id='word_1_162' title='bbox 675 2153 840 2197; x_wconf 78' lang='lat' dir='ltr'>aeteruum</span> <span class='ocrx_word' id='word_1_163' title='bbox 855 2151 1018 2196; x_wconf 80' lang='lat' dir='ltr'>maantam</span> <span class='ocrx_word' id='word_1_164' title='bbox 1035 2154 1136 2197; x_wconf 75' lang='lat' dir='ltr'>exara</span> <span class='ocrx_word' id='word_1_165' title='bbox 1155 2139 1284 2215; x_wconf 88' lang='lat' dir='ltr'>legimus</span> <span class='ocrx_word' id='word_1_166' title='bbox 1300 2131 1391 2196; x_wconf 80' lang='lat' dir='ltr'>hunc‘</span> 
     </span>
     <span class='ocr_line' id='line_1_17' title="bbox 100 2237 264 2314; baseline -0.006 -20"><span class='ocrx_word' id='word_1_167' title='bbox 100 2237 264 2314; x_wconf 86' lang='lat' dir='ltr'>(titulum):</span> 
     </span>
     <span class='ocr_line' id='line_1_18' title="bbox 171 2321 1393 2420; baseline 0.003 -24"><span class='ocrx_word' id='word_1_168' title='bbox 171 2337 217 2414; x_wconf 86' lang='lat' dir='ltr'>(a)</span> <span class='ocrx_word' id='word_1_169' title='bbox 261 2357 284 2397; x_wconf 86' lang='lat' dir='ltr'>e.</span> <span class='ocrx_word' id='word_1_170' title='bbox 300 2341 420 2399; x_wconf 78' lang='lat' dir='ltr'>duillius</span> <span class='ocrx_word' id='word_1_171' title='bbox 436 2340 496 2416; x_wconf 90' lang='lat' dir='ltr'>(sic</span> <span class='ocrx_word' id='word_1_172' title='bbox 512 2342 604 2414; x_wconf 81' lang='lat' dir='ltr'>Mam,</span> <span class='ocrx_word' id='word_1_173' title='bbox 619 2343 728 2400; x_wconf 79' lang='lat' dir='ltr'>suillus</span> <span class='ocrx_word' id='word_1_174' title='bbox 745 2343 849 2419; x_wconf 87' lang='lat' dir='ltr'>ceteri)</span> <span class='ocrx_word' id='word_1_175' title='bbox 866 2343 980 2402; x_wconf 80' lang='lat' dir='ltr'>licinius</span> <span class='ocrx_word' id='word_1_176' title='bbox 997 2347 1101 2402; x_wconf 80' lang='lat' dir='ltr'>troctas</span> <span class='ocrx_word' id='word_1_177' title='bbox 1117 2321 1235 2402; x_wconf 76' lang='lat' dir='ltr'>curator</span> <span class='ocrx_word' id='word_1_178' title='bbox 1248 2343 1252 2420; x_wconf 79' lang='grc'>1</span> <span class='ocrx_word' id='word_1_179' title='bbox 1267 2342 1393 2402; x_wconf 77' lang='lat' dir='ltr'>scholam</span> 
     </span>
     <span class='ocr_line' id='line_1_19' title="bbox 261 2441 734 2524; baseline 0.006 -25"><span class='ocrx_word' id='word_1_180' title='bbox 261 2443 296 2500; x_wconf 88' lang='lat' dir='ltr'>de</span> <span class='ocrx_word' id='word_1_181' title='bbox 317 2462 368 2501; x_wconf 90' lang='lat' dir='ltr'>sua</span> <span class='ocrx_word' id='word_1_182' title='bbox 382 2445 454 2517; x_wconf 84' lang='lat' dir='ltr'>serit</span> <span class='ocrx_word' id='word_1_183' title='bbox 475 2443 588 2518; x_wconf 79' lang='lat' dir='ltr'>(refecit</span> <span class='ocrx_word' id='word_1_184' title='bbox 609 2444 705 2520; x_wconf 85' lang='lat' dir='ltr'>Man.)</span> <span class='ocrx_word' id='word_1_185' title='bbox 730 2441 734 2524; x_wconf 74' lang='lat' dir='ltr'>l</span> 
     </span>
     <span class='ocr_line' id='line_1_20' title="bbox 168 2543 1392 2621; baseline 0.004 -22"><span class='ocrx_word' id='word_1_186' title='bbox 168 2543 215 2619; x_wconf 90' lang='lat' dir='ltr'>(b)</span> <span class='ocrx_word' id='word_1_187' title='bbox 259 2544 361 2621; x_wconf 80' lang='lat' dir='ltr'>debrpa</span> <span class='ocrx_word' id='word_1_188' title='bbox 388 2565 454 2621; x_wconf 78' lang='lat' dir='ltr'>nup.</span> <span class='ocrx_word' id='word_1_189' title='bbox 482 2547 502 2602; x_wconf 89' lang='lat' dir='ltr'>l.</span> <span class='ocrx_word' id='word_1_190' title='bbox 531 2548 685 2604; x_wconf 75' lang='lat' dir='ltr'>drusiacus</span> <span class='ocrx_word' id='word_1_191' title='bbox 714 2567 742 2604; x_wconf 88' lang='lat' dir='ltr'>a.</span> <span class='ocrx_word' id='word_1_192' title='bbox 766 2548 868 2621; x_wconf 82' lang='lat' dir='ltr'>sebius</span> <span class='ocrx_word' id='word_1_193' title='bbox 896 2549 1018 2606; x_wconf 75' lang='lat' dir='ltr'>nautius</span> <span class='ocrx_word' id='word_1_194' title='bbox 1046 2566 1104 2605; x_wconf 86' lang='lat' dir='ltr'>aur.</span> <span class='ocrx_word' id='word_1_195' title='bbox 1133 2549 1235 2606; x_wconf 62' lang='lat' dir='ltr'>scabis</span> <span class='ocrx_word' id='word_1_196' title='bbox 1263 2547 1392 2606; x_wconf 82' lang='lat' dir='ltr'>librariis</span> 
     </span>
     <span class='ocr_line' id='line_1_21' title="bbox 261 2647 1392 2728; baseline 0.003 -25"><span class='ocrx_word' id='word_1_197' title='bbox 261 2656 287 2703; x_wconf 90' lang='lat' dir='ltr'>et</span> <span class='ocrx_word' id='word_1_198' title='bbox 310 2648 502 2723; x_wconf 80' lang='lat' dir='ltr'>praeconibus</span> <span class='ocrx_word' id='word_1_199' title='bbox 532 2650 595 2706; x_wconf 88' lang='lat' dir='ltr'>aed.</span> <span class='ocrx_word' id='word_1_200' title='bbox 619 2647 718 2724; x_wconf 84' lang='lat' dir='ltr'>(aedil.</span> <span class='ocrx_word' id='word_1_201' title='bbox 742 2648 847 2724; x_wconf 88' lang='lat' dir='ltr'>ceteri)</span> <span class='ocrx_word' id='word_1_202' title='bbox 875 2667 935 2708; x_wconf 84' lang='lat' dir='ltr'>our.</span> <span class='ocrx_word' id='word_1_203' title='bbox 959 2649 1085 2706; x_wconf 82' lang='lat' dir='ltr'>sciolum</span> <span class='ocrx_word' id='word_1_204' title='bbox 1109 2651 1113 2728; x_wconf 75' lang='lat' dir='ltr'>l</span> <span class='ocrx_word' id='word_1_205' title='bbox 1138 2651 1173 2706; x_wconf 85' lang='lat' dir='ltr'>ab</span> <span class='ocrx_word' id='word_1_206' title='bbox 1195 2650 1325 2708; x_wconf 77' lang='lat' dir='ltr'>inchoato</span> <span class='ocrx_word' id='word_1_207' title='bbox 1348 2669 1392 2707; x_wconf 91' lang='lat' dir='ltr'>re-</span> 
     </span>
     <span class='ocr_line' id='line_1_22' title="bbox 254 2751 1392 2826; baseline 0.004 -20"><span class='ocrx_word' id='word_1_208' title='bbox 254 2751 387 2824; x_wconf 79' lang='lat' dir='ltr'>fecerunt</span> <span class='ocrx_word' id='word_1_209' title='bbox 405 2751 595 2809; x_wconf 79' lang='lat' dir='ltr'>marmoribus</span> <span class='ocrx_word' id='word_1_210' title='bbox 618 2761 792 2809; x_wconf 77' lang='lat' dir='ltr'>meaverunt</span> <span class='ocrx_word' id='word_1_211' title='bbox 812 2753 964 2808; x_wconf 80' lang='lat' dir='ltr'>uictoriam</span> <span class='ocrx_word' id='word_1_212' title='bbox 985 2762 1137 2826; x_wconf 76' lang='lat' dir='ltr'>aupustam</span> <span class='ocrx_word' id='word_1_213' title='bbox 1153 2761 1178 2808; x_wconf 89' lang='lat' dir='ltr'>et</span> <span class='ocrx_word' id='word_1_214' title='bbox 1193 2753 1272 2810; x_wconf 83' lang='lat' dir='ltr'>sedes</span> <span class='ocrx_word' id='word_1_215' title='bbox 1288 2770 1392 2810; x_wconf 80' lang='lat' dir='ltr'>aeneas</span> 
     </span>
     <span class='ocr_line' id='line_1_23' title="bbox 262 2853 1394 2930; baseline 0.003 -22"><span class='ocrx_word' id='word_1_216' title='bbox 262 2863 288 2908; x_wconf 82' lang='lat' dir='ltr'>et</span> <span class='ocrx_word' id='word_1_217' title='bbox 309 2863 400 2910; x_wconf 85' lang='lat' dir='ltr'>cetera</span> <span class='ocrx_word' id='word_1_218' title='bbox 421 2863 588 2911; x_wconf 79' lang='lat' dir='ltr'>ornamenta</span> <span class='ocrx_word' id='word_1_219' title='bbox 604 2854 609 2930; x_wconf 84' lang='grc' dir='ltr'>Ι</span> <span class='ocrx_word' id='word_1_220' title='bbox 627 2855 661 2912; x_wconf 91' lang='lat' dir='ltr'>de</span> <span class='ocrx_word' id='word_1_221' title='bbox 682 2871 735 2910; x_wconf 89' lang='lat' dir='ltr'>sua</span> <span class='ocrx_word' id='word_1_222' title='bbox 753 2856 879 2929; x_wconf 80' lang='lat' dir='ltr'>pecunia</span> <span class='ocrx_word' id='word_1_223' title='bbox 896 2855 1029 2928; x_wconf 82' lang='lat' dir='ltr'>secarunt</span> <span class='ocrx_word' id='word_1_224' title='bbox 1049 2853 1209 2930; x_wconf 77' lang='lat' dir='ltr'>(satianda</span> <span class='ocrx_word' id='word_1_225' title='bbox 1224 2865 1394 2911; x_wconf 84' lang='lat' dir='ltr'>curaverunt</span> 
     </span>
     <span class='ocr_line' id='line_1_24' title="bbox 260 2953 987 3033; baseline 0.001 -23"><span class='ocrx_word' id='word_1_226' title='bbox 260 2953 423 3028; x_wconf 79' lang='lat' dir='ltr'>Manutius,</span> <span class='ocrx_word' id='word_1_227' title='bbox 447 2955 588 3014; x_wconf 88' lang='lat' dir='ltr'>deficiunt</span> <span class='ocrx_word' id='word_1_228' title='bbox 609 2955 679 3014; x_wconf 92' lang='lat' dir='ltr'>Met.</span> <span class='ocrx_word' id='word_1_229' title='bbox 702 2955 822 3033; x_wconf 70' lang='lat' dir='ltr'>Ligur:</span> <span class='ocrx_word' id='word_1_230' title='bbox 846 2975 873 3013; x_wconf 88' lang='lat' dir='ltr'>v.</span> <span class='ocrx_word' id='word_1_231' title='bbox 896 2954 987 3030; x_wconf 83' lang='lat' dir='ltr'>infra)</span> 
     </span>
     <span class='ocr_line' id='line_1_25' title="bbox 93 3055 905 3134; baseline 0.002 -22"><span class='ocrx_word' id='word_1_232' title='bbox 93 3061 188 3113; x_wconf 85' lang='lat' dir='ltr'>extra</span> <span class='ocrx_word' id='word_1_233' title='bbox 210 3074 281 3113; x_wconf 86' lang='lat' dir='ltr'>vero</span> <span class='ocrx_word' id='word_1_234' title='bbox 303 3055 334 3114; x_wconf 91' lang='lat' dir='ltr'>in</span> <span class='ocrx_word' id='word_1_235' title='bbox 356 3057 461 3116; x_wconf 87' lang='lat' dir='ltr'>eodem</span> <span class='ocrx_word' id='word_1_236' title='bbox 484 3057 624 3134; x_wconf 84' lang='lat' dir='ltr'>epistylio</span> <span class='ocrx_word' id='word_1_237' title='bbox 646 3065 710 3116; x_wconf 87' lang='lat' dir='ltr'>erat</span> <span class='ocrx_word' id='word_1_238' title='bbox 730 3058 780 3115; x_wconf 88' lang='lat' dir='ltr'>hia</span> <span class='ocrx_word' id='word_1_239' title='bbox 801 3057 905 3115; x_wconf 90' lang='lat' dir='ltr'>titulus</span> 
     </span>
     <span class='ocr_line' id='line_1_26' title="bbox 173 3157 1393 3236; baseline 0.003 -20"><span class='ocrx_word' id='word_1_240' title='bbox 173 3157 216 3233; x_wconf 86' lang='lat' dir='ltr'>(c)</span> <span class='ocrx_word' id='word_1_241' title='bbox 261 3159 364 3236; x_wconf 78' lang='lat' dir='ltr'>bebrpa</span> <span class='ocrx_word' id='word_1_242' title='bbox 385 3180 451 3235; x_wconf 80' lang='lat' dir='ltr'>aup.</span> <span class='ocrx_word' id='word_1_243' title='bbox 476 3161 494 3216; x_wconf 91' lang='lat' dir='ltr'>l.</span> <span class='ocrx_word' id='word_1_244' title='bbox 512 3161 668 3218; x_wconf 76' lang='lat' dir='ltr'>drusiacus</span> <span class='ocrx_word' id='word_1_245' title='bbox 690 3179 719 3218; x_wconf 76' lang='lat' dir='ltr'>a,</span> <span class='ocrx_word' id='word_1_246' title='bbox 735 3160 840 3236; x_wconf 82' lang='lat' dir='ltr'>salias</span> <span class='ocrx_word' id='word_1_247' title='bbox 861 3159 984 3218; x_wconf 83' lang='lat' dir='ltr'>aantlrus</span> <span class='ocrx_word' id='word_1_248' title='bbox 1008 3177 1067 3216; x_wconf 90' lang='lat' dir='ltr'>cur.</span> <span class='ocrx_word' id='word_1_249' title='bbox 1082 3161 1221 3235; x_wconf 79' lang='lat' dir='ltr'>imapines</span> <span class='ocrx_word' id='word_1_250' title='bbox 1242 3172 1393 3236; x_wconf 78' lang='lat' dir='ltr'>arpenteas</span> 
     </span>
     <span class='ocr_line' id='line_1_27' title="bbox 263 3261 1393 3338; baseline 0.004 -20"><span class='ocrx_word' id='word_1_251' title='bbox 263 3262 379 3320; x_wconf 88' lang='lat' dir='ltr'>deorum</span> <span class='ocrx_word' id='word_1_252' title='bbox 401 3273 503 3338; x_wconf 83' lang='lat' dir='ltr'>septem</span> <span class='ocrx_word' id='word_1_253' title='bbox 519 3271 592 3338; x_wconf 84' lang='lat' dir='ltr'>post</span> <span class='ocrx_word' id='word_1_254' title='bbox 610 3263 814 3320; x_wconf 83' lang='lat' dir='ltr'>dedicationem</span> <span class='ocrx_word' id='word_1_255' title='bbox 830 3263 944 3320; x_wconf 77' lang='lat' dir='ltr'>scholae</span> <span class='ocrx_word' id='word_1_256' title='bbox 959 3261 1042 3337; x_wconf 88' lang='lat' dir='ltr'>(post</span> <span class='ocrx_word' id='word_1_257' title='bbox 1057 3263 1085 3318; x_wconf 91' lang='lat' dir='ltr'>d.</span> <span class='ocrx_word' id='word_1_258' title='bbox 1101 3281 1124 3319; x_wconf 91' lang='lat' dir='ltr'>s.</span> <span class='ocrx_word' id='word_1_259' title='bbox 1141 3281 1198 3320; x_wconf 89' lang='lat' dir='ltr'>om.</span> <span class='ocrx_word' id='word_1_260' title='bbox 1215 3263 1308 3335; x_wconf 83' lang='lat' dir='ltr'>Mam,</span> <span class='ocrx_word' id='word_1_261' title='bbox 1330 3284 1393 3322; x_wconf 82' lang='lat' dir='ltr'>rura</span> 
     </span>
     <span class='ocr_line' id='line_1_28' title="bbox 263 3362 1393 3440; baseline 0.004 -21"><span class='ocrx_word' id='word_1_262' title='bbox 263 3374 365 3438; x_wconf 85' lang='lat' dir='ltr'>septem</span> <span class='ocrx_word' id='word_1_263' title='bbox 384 3383 416 3439; x_wconf 72' lang='lat' dir='ltr'>p,</span> <span class='ocrx_word' id='word_1_264' title='bbox 439 3367 466 3422; x_wconf 89' lang='lat' dir='ltr'>d.</span> <span class='ocrx_word' id='word_1_265' title='bbox 483 3383 506 3422; x_wconf 90' lang='lat' dir='ltr'>s.</span> <span class='ocrx_word' id='word_1_266' title='bbox 523 3383 582 3422; x_wconf 89' lang='lat' dir='ltr'>om.</span> <span class='ocrx_word' id='word_1_267' title='bbox 598 3362 714 3439; x_wconf 84' lang='lat' dir='ltr'>Ligor.)</span> <span class='ocrx_word' id='word_1_268' title='bbox 739 3365 743 3440; x_wconf 78' lang='lat' dir='ltr'>l</span> <span class='ocrx_word' id='word_1_269' title='bbox 768 3373 794 3421; x_wconf 86' lang='lat' dir='ltr'>at</span> <span class='ocrx_word' id='word_1_270' title='bbox 814 3366 936 3422; x_wconf 79' lang='lat' dir='ltr'>mutulos</span> <span class='ocrx_word' id='word_1_271' title='bbox 961 3383 1022 3423; x_wconf 87' lang='lat' dir='ltr'>cum</span> <span class='ocrx_word' id='word_1_272' title='bbox 1044 3364 1150 3423; x_wconf 85' lang='lat' dir='ltr'>tabella</span> <span class='ocrx_word' id='word_1_273' title='bbox 1172 3385 1261 3424; x_wconf 86' lang='lat' dir='ltr'>aenea</span> <span class='ocrx_word' id='word_1_274' title='bbox 1283 3369 1318 3424; x_wconf 87' lang='lat' dir='ltr'>de</span> <span class='ocrx_word' id='word_1_275' title='bbox 1339 3385 1393 3424; x_wconf 88' lang='lat' dir='ltr'>sua</span> 
     </span>
     <span class='ocr_line' id='line_1_29' title="bbox 257 3461 838 3550; baseline 0.005 -29"><span class='ocrx_word' id='word_1_276' title='bbox 257 3469 382 3540; x_wconf 79' lang='lat' dir='ltr'>pecunia</span> <span class='ocrx_word' id='word_1_277' title='bbox 403 3467 540 3550; x_wconf 82' lang='lat' dir='ltr'>dederunt</span> <span class='ocrx_word' id='word_1_278' title='bbox 561 3466 709 3540; x_wconf 83' lang='lat' dir='ltr'>(secarunt</span> <span class='ocrx_word' id='word_1_279' title='bbox 729 3461 838 3541; x_wconf 90' lang='lat' dir='ltr'>Met.)&#39;.</span> 
     </span>
     <span class='ocr_line' id='line_1_30' title="bbox 96 3565 1392 3646; baseline 0.002 -22"><span class='ocrx_word' id='word_1_280' title='bbox 96 3568 146 3625; x_wconf 88' lang='lat' dir='ltr'>his</span> <span class='ocrx_word' id='word_1_281' title='bbox 170 3565 284 3625; x_wconf 83' lang='lat' dir='ltr'>accedit</span> <span class='ocrx_word' id='word_1_282' title='bbox 306 3568 411 3626; x_wconf 91' lang='lat' dir='ltr'>titulus</span> <span class='ocrx_word' id='word_1_283' title='bbox 434 3567 631 3625; x_wconf 85' lang='lat' dir='ltr'>aMarlianio</span> <span class='ocrx_word' id='word_1_284' title='bbox 654 3568 796 3640; x_wconf 92' lang='lat' dir='ltr'>omissus,</span> <span class='ocrx_word' id='word_1_285' title='bbox 819 3568 1018 3646; x_wconf 89' lang='lat' dir='ltr'>transcriptus</span> <span class='ocrx_word' id='word_1_286' title='bbox 1041 3569 1194 3628; x_wconf 86' lang='lat' dir='ltr'>aMetello</span> <span class='ocrx_word' id='word_1_287' title='bbox 1210 3570 1392 3645; x_wconf 86' lang='lat' dir='ltr'>ceterisque:</span> 
     </span>
     <span class='ocr_line' id='line_1_31' title="bbox 170 3669 1392 3747; baseline 0.002 -20"><span class='ocrx_word' id='word_1_288' title='bbox 170 3669 216 3746; x_wconf 92' lang='lat' dir='ltr'>(d)</span> <span class='ocrx_word' id='word_1_289' title='bbox 261 3689 288 3727; x_wconf 88' lang='lat' dir='ltr'>a.</span> <span class='ocrx_word' id='word_1_290' title='bbox 309 3669 412 3744; x_wconf 74' lang='lat' dir='ltr'>fabius</span> <span class='ocrx_word' id='word_1_291' title='bbox 437 3670 560 3728; x_wconf 77' lang='lat' dir='ltr'>canthus</span> <span class='ocrx_word' id='word_1_292' title='bbox 587 3669 690 3744; x_wconf 79' lang='lat' dir='ltr'>bebrpa</span> <span class='ocrx_word' id='word_1_293' title='bbox 716 3689 783 3745; x_wconf 76' lang='lat' dir='ltr'>nup.</span> <span class='ocrx_word' id='word_1_294' title='bbox 812 3669 830 3726; x_wconf 89' lang='lat' dir='ltr'>l.</span> <span class='ocrx_word' id='word_1_295' title='bbox 860 3672 1015 3728; x_wconf 83' lang='lat' dir='ltr'>drusiunus</span> <span class='ocrx_word' id='word_1_296' title='bbox 1043 3689 1104 3730; x_wconf 88' lang='lat' dir='ltr'>cur.</span> <span class='ocrx_word' id='word_1_297' title='bbox 1128 3671 1254 3730; x_wconf 76' lang='lat' dir='ltr'>scholam</span> <span class='ocrx_word' id='word_1_298' title='bbox 1280 3691 1305 3729; x_wconf 91' lang='lat' dir='ltr'>e.</span> <span class='ocrx_word' id='word_1_299' title='bbox 1322 3690 1350 3747; x_wconf 90' lang='lat' dir='ltr'>q.</span> <span class='ocrx_word' id='word_1_300' title='bbox 1368 3689 1392 3729; x_wconf 90' lang='lat' dir='ltr'>s.</span> 
     </span>
     <span class='ocr_line' id='line_1_32' title="bbox 264 3771 1199 3848; baseline -0.001 -18"><span class='ocrx_word' id='word_1_301' title='bbox 264 3789 397 3848; x_wconf 83' lang='lat' dir='ltr'>congrua</span> <span class='ocrx_word' id='word_1_302' title='bbox 418 3771 517 3829; x_wconf 88' lang='lat' dir='ltr'>verbis</span> <span class='ocrx_word' id='word_1_303' title='bbox 540 3771 617 3829; x_wconf 88' lang='lat' dir='ltr'>tituli</span> <span class='ocrx_word' id='word_1_304' title='bbox 639 3773 658 3828; x_wconf 97' lang='lat' dir='ltr'>b</span> <span class='ocrx_word' id='word_1_305' title='bbox 681 3789 776 3847; x_wconf 92' lang='lat' dir='ltr'>usque</span> <span class='ocrx_word' id='word_1_306' title='bbox 799 3772 838 3829; x_wconf 90' lang='lat' dir='ltr'>ad</span> <span class='ocrx_word' id='word_1_307' title='bbox 859 3781 1025 3831; x_wconf 84' lang='lat' dir='ltr'>ornamenta</span> <span class='ocrx_word' id='word_1_308' title='bbox 1049 3773 1199 3831; x_wconf 85' lang='lat' dir='ltr'>dederunt:</span> 
     </span>
     <span class='ocr_line' id='line_1_33' title="bbox 97 3873 1393 3951; baseline 0.001 -20"><span class='ocrx_word' id='word_1_309' title='bbox 97 3875 130 3931; x_wconf 90' lang='lat' dir='ltr'>in</span> <span class='ocrx_word' id='word_1_310' title='bbox 157 3891 217 3949; x_wconf 91' lang='lat' dir='ltr'>quo</span> <span class='ocrx_word' id='word_1_311' title='bbox 247 3873 333 3932; x_wconf 91' lang='lat' dir='ltr'>titulo</span> <span class='ocrx_word' id='word_1_312' title='bbox 360 3875 418 3932; x_wconf 89' lang='lat' dir='ltr'>hoc</span> <span class='ocrx_word' id='word_1_313' title='bbox 445 3873 562 3943; x_wconf 88' lang='lat' dir='ltr'>mirum,</span> <span class='ocrx_word' id='word_1_314' title='bbox 590 3873 671 3947; x_wconf 92' lang='lat' dir='ltr'>quod</span> <span class='ocrx_word' id='word_1_315' title='bbox 698 3891 764 3930; x_wconf 90' lang='lat' dir='ltr'>cum</span> <span class='ocrx_word' id='word_1_316' title='bbox 793 3873 832 3930; x_wconf 92' lang='lat' dir='ltr'>sit</span> <span class='ocrx_word' id='word_1_317' title='bbox 854 3874 942 3948; x_wconf 90' lang='lat' dir='ltr'>plane</span> <span class='ocrx_word' id='word_1_318' title='bbox 965 3873 1101 3950; x_wconf 86' lang='lat' dir='ltr'>geminus</span> <span class='ocrx_word' id='word_1_319' title='bbox 1123 3874 1210 3932; x_wconf 89' lang='lat' dir='ltr'>titulo</span> <span class='ocrx_word' id='word_1_320' title='bbox 1232 3875 1251 3932; x_wconf 95' lang='lat' dir='ltr'>b</span> <span class='ocrx_word' id='word_1_321' title='bbox 1273 3881 1393 3951; x_wconf 86' lang='lat' dir='ltr'>praeter</span> 
     </span>
     <span class='ocr_line' id='line_1_34' title="bbox 98 3974 1394 4052; baseline 0 -18"><span class='ocrx_word' id='word_1_322' title='bbox 98 3977 251 4042; x_wconf 84' lang='lat' dir='ltr'>inversum</span> <span class='ocrx_word' id='word_1_323' title='bbox 273 3985 306 4034; x_wconf 92' lang='lat' dir='ltr'>ut</span> <span class='ocrx_word' id='word_1_324' title='bbox 327 3975 441 4034; x_wconf 87' lang='lat' dir='ltr'>assolet</span> <span class='ocrx_word' id='word_1_325' title='bbox 467 3975 499 4032; x_wconf 92' lang='lat' dir='ltr'>in</span> <span class='ocrx_word' id='word_1_326' title='bbox 523 3975 700 4050; x_wconf 87' lang='lat' dir='ltr'>repetitione</span> <span class='ocrx_word' id='word_1_327' title='bbox 723 3974 857 4033; x_wconf 88' lang='lat' dir='ltr'>ordinem</span> <span class='ocrx_word' id='word_1_328' title='bbox 884 3975 1036 4034; x_wconf 90' lang='lat' dir='ltr'>nominum</span> <span class='ocrx_word' id='word_1_329' title='bbox 1059 3975 1261 4052; x_wconf 84' lang='lat' dir='ltr'>conlegarum,</span> <span class='ocrx_word' id='word_1_330' title='bbox 1287 3977 1394 4034; x_wconf 87' lang='lat' dir='ltr'>ultima</span> 
     </span>
     <span class='ocr_line' id='line_1_35' title="bbox 96 4075 1393 4154; baseline 0.001 -21"><span class='ocrx_word' id='word_1_331' title='bbox 96 4079 191 4136; x_wconf 86' lang='lat' dir='ltr'>verba</span> <span class='ocrx_word' id='word_1_332' title='bbox 220 4078 286 4136; x_wconf 90' lang='lat' dir='ltr'>sola</span> <span class='ocrx_word' id='word_1_333' title='bbox 315 4079 452 4136; x_wconf 89' lang='lat' dir='ltr'>dicuntur</span> <span class='ocrx_word' id='word_1_334' title='bbox 481 4075 614 4148; x_wconf 82' lang='lat' dir='ltr'>differre3</span> <span class='ocrx_word' id='word_1_335' title='bbox 648 4075 754 4134; x_wconf 90' lang='lat' dir='ltr'>deinde</span> <span class='ocrx_word' id='word_1_336' title='bbox 788 4075 988 4154; x_wconf 89' lang='lat' dir='ltr'>suspicionem</span> <span class='ocrx_word' id='word_1_337' title='bbox 1018 4085 1119 4134; x_wconf 87' lang='lat' dir='ltr'>movet</span> <span class='ocrx_word' id='word_1_338' title='bbox 1150 4077 1232 4152; x_wconf 92' lang='lat' dir='ltr'>quod</span> <span class='ocrx_word' id='word_1_339' title='bbox 1255 4077 1393 4135; x_wconf 88' lang='lat' dir='ltr'>Metellus</span> 
     </span>
     <span class='ocr_line' id='line_1_36' title="bbox 97 4178 1393 4255; baseline 0.001 -20"><span class='ocrx_word' id='word_1_340' title='bbox 97 4191 189 4254; x_wconf 84' lang='lat' dir='ltr'>atque</span> <span class='ocrx_word' id='word_1_341' title='bbox 209 4178 352 4255; x_wconf 86' lang='lat' dir='ltr'>Ligurius</span> <span class='ocrx_word' id='word_1_342' title='bbox 376 4179 458 4254; x_wconf 90' lang='lat' dir='ltr'>(vide</span> <span class='ocrx_word' id='word_1_343' title='bbox 480 4188 578 4236; x_wconf 88' lang='lat' dir='ltr'>tamen</span> <span class='ocrx_word' id='word_1_344' title='bbox 602 4197 638 4236; x_wconf 89' lang='lat' dir='ltr'>ne</span> <span class='ocrx_word' id='word_1_345' title='bbox 659 4178 707 4235; x_wconf 91' lang='lat' dir='ltr'>hic</span> <span class='ocrx_word' id='word_1_346' title='bbox 729 4179 766 4236; x_wconf 89' lang='lat' dir='ltr'>ab</span> <span class='ocrx_word' id='word_1_347' title='bbox 789 4178 841 4235; x_wconf 94' lang='lat' dir='ltr'>illo</span> <span class='ocrx_word' id='word_1_348' title='bbox 864 4179 993 4255; x_wconf 88' lang='lat' dir='ltr'>pendeat</span> <span class='ocrx_word' id='word_1_349' title='bbox 1015 4178 1045 4235; x_wconf 94' lang='lat' dir='ltr'>id</span> <span class='ocrx_word' id='word_1_350' title='bbox 1067 4180 1147 4255; x_wconf 92' lang='lat' dir='ltr'>quod</span> <span class='ocrx_word' id='word_1_351' title='bbox 1170 4189 1255 4236; x_wconf 88' lang='lat' dir='ltr'>tenor</span> <span class='ocrx_word' id='word_1_352' title='bbox 1276 4178 1355 4236; x_wconf 90' lang='lat' dir='ltr'>tituli</span> <span class='ocrx_word' id='word_1_353' title='bbox 1377 4197 1393 4236; x_wconf 90' lang='lat' dir='ltr'>c</span> 
     </span>
     <span class='ocr_line' id='line_1_37' title="bbox 96 4279 1392 4358; baseline 0 -20"><span class='ocrx_word' id='word_1_354' title='bbox 96 4280 136 4338; x_wconf 86' lang='lat' dir='ltr'>ab</span> <span class='ocrx_word' id='word_1_355' title='bbox 167 4291 293 4356; x_wconf 87' lang='lat' dir='ltr'>utroque</span> <span class='ocrx_word' id='word_1_356' title='bbox 320 4281 456 4339; x_wconf 88' lang='lat' dir='ltr'>similiter</span> <span class='ocrx_word' id='word_1_357' title='bbox 483 4281 610 4338; x_wconf 84' lang='lat' dir='ltr'>truncati</span> <span class='ocrx_word' id='word_1_358' title='bbox 638 4280 710 4337; x_wconf 91' lang='lat' dir='ltr'>mihi</span> <span class='ocrx_word' id='word_1_359' title='bbox 736 4287 816 4337; x_wconf 88' lang='lat' dir='ltr'>certe</span> <span class='ocrx_word' id='word_1_360' title='bbox 843 4279 965 4338; x_wconf 90' lang='lat' dir='ltr'>innuere</span> <span class='ocrx_word' id='word_1_361' title='bbox 996 4279 1126 4355; x_wconf 84' lang='lat' dir='ltr'>videtur)</span> <span class='ocrx_word' id='word_1_362' title='bbox 1154 4299 1220 4339; x_wconf 92' lang='lat' dir='ltr'>eum</span> <span class='ocrx_word' id='word_1_363' title='bbox 1243 4280 1392 4358; x_wconf 86' lang='lat' dir='ltr'>integrum</span> 
     </span>
     <span class='ocr_line' id='line_1_38' title="bbox 100 4381 1394 4460; baseline 0 -20"><span class='ocrx_word' id='word_1_364' title='bbox 100 4382 257 4454; x_wconf 88' lang='lat' dir='ltr'>exhibent,</span> <span class='ocrx_word' id='word_1_365' title='bbox 287 4383 397 4441; x_wconf 92' lang='lat' dir='ltr'>omittit</span> <span class='ocrx_word' id='word_1_366' title='bbox 425 4391 518 4440; x_wconf 88' lang='lat' dir='ltr'>totum</span> <span class='ocrx_word' id='word_1_367' title='bbox 545 4383 733 4454; x_wconf 85' lang='lat' dir='ltr'>Marlianius,</span> <span class='ocrx_word' id='word_1_368' title='bbox 768 4402 808 4440; x_wconf 89' lang='lat' dir='ltr'>ex</span> <span class='ocrx_word' id='word_1_369' title='bbox 833 4381 1007 4441; x_wconf 86' lang='lat' dir='ltr'>Manutiano</span> <span class='ocrx_word' id='word_1_370' title='bbox 1033 4389 1131 4440; x_wconf 84' lang='lat' dir='ltr'>sutem</span> <span class='ocrx_word' id='word_1_371' title='bbox 1159 4383 1298 4460; x_wconf 88' lang='lat' dir='ltr'>exemplo</span> <span class='ocrx_word' id='word_1_372' title='bbox 1320 4383 1394 4442; x_wconf 90' lang='lat' dir='ltr'>talia</span> 
     </span>
     <span class='ocr_line' id='line_1_39' title="bbox 96 4483 270 4543; baseline 0 -1"><span class='ocrx_word' id='word_1_373' title='bbox 96 4483 270 4543; x_wconf 87' lang='lat' dir='ltr'>reseruntur</span> 
     </span>
    </p>
   </div>
   <div class='ocr_carea' id='block_1_3' title="bbox 205 4699 1246 4860">
    <p class='ocr_par' dir='ltr' id='par_1_3' title="bbox 205 4699 1246 4860">
     <span class='ocr_line' id='line_1_40' title="bbox 205 4699 587 4758; baseline 0 -2"><span class='ocrx_word' id='word_1_374' title='bbox 205 4715 224 4756; x_wconf 83' lang='grc' dir='ltr'><strong>Α</strong></span> <span class='ocrx_word' id='word_1_375' title='bbox 246 4727 253 4742; x_wconf 85' lang='grc'>·</span> <span class='ocrx_word' id='word_1_376' title='bbox 277 4713 380 4757; x_wconf 77' lang='lat' dir='ltr'>rnsrvs</span> <span class='ocrx_word' id='word_1_377' title='bbox 403 4727 410 4742; x_wconf 93' lang='lat'><strong>·</strong></span> <span class='ocrx_word' id='word_1_378' title='bbox 433 4699 587 4758; x_wconf 81' lang='lat' dir='ltr'>xnnrllllll</span> 
     </span>
     <span class='ocr_line' id='line_1_41' title="bbox 205 4799 1246 4860; baseline 0.002 -5"><span class='ocrx_word' id='word_1_379' title='bbox 205 4815 243 4855; x_wconf 81' lang='lat' dir='ltr'>xa</span> <span class='ocrx_word' id='word_1_380' title='bbox 266 4829 272 4844; x_wconf 93' lang='lat'><strong>·</strong></span> <span class='ocrx_word' id='word_1_381' title='bbox 297 4815 459 4860; x_wconf 79' lang='lat' dir='ltr'>rucuonro</span> <span class='ocrx_word' id='word_1_382' title='bbox 484 4830 490 4844; x_wconf 93' lang='lat'>·</span> <span class='ocrx_word' id='word_1_383' title='bbox 514 4799 789 4860; x_wconf 78' lang='lat' dir='ltr'>rarecrrtltllllravs</span> <span class='ocrx_word' id='word_1_384' title='bbox 813 4827 820 4842; x_wconf 94' lang='lat'><strong>·</strong></span> <span class='ocrx_word' id='word_1_385' title='bbox 841 4815 929 4856; x_wconf 79' lang='lat' dir='ltr'>neon</span> <span class='ocrx_word' id='word_1_386' title='bbox 952 4827 959 4843; x_wconf 91' lang='lat'><strong>·</strong></span> <span class='ocrx_word' id='word_1_387' title='bbox 983 4813 1042 4858; x_wconf 84' lang='lat' dir='ltr'>cvs</span> <span class='ocrx_word' id='word_1_388' title='bbox 1067 4829 1074 4843; x_wconf 93' lang='lat'><strong>·</strong></span> <span class='ocrx_word' id='word_1_389' title='bbox 1098 4815 1246 4859; x_wconf 71' lang='lat' dir='ltr'>senonen</span> 
     </span>
    </p>
   </div>
   <div class='ocr_carea' id='block_1_4' title="bbox 76 5007 1393 5272">
    <p class='ocr_par' dir='ltr' id='par_1_4' title="bbox 76 5007 1393 5272">
     <span class='ocr_line' id='line_1_42' title="bbox 98 5007 1390 5088; baseline 0.001 -22"><span class='ocrx_word' id='word_1_390' title='bbox 98 5015 206 5066; x_wconf 89' lang='lat' dir='ltr'>contra</span> <span class='ocrx_word' id='word_1_391' title='bbox 227 5008 373 5088; x_wconf 84' lang='lat' dir='ltr'>integrum</span> <span class='ocrx_word' id='word_1_392' title='bbox 395 5011 507 5068; x_wconf 85' lang='lat' dir='ltr'>habent</span> <span class='ocrx_word' id='word_1_393' title='bbox 521 5010 697 5069; x_wconf 89' lang='lat' dir='ltr'>Marlianius</span> <span class='ocrx_word' id='word_1_394' title='bbox 713 5017 743 5066; x_wconf 89' lang='lat' dir='ltr'>et</span> <span class='ocrx_word' id='word_1_395' title='bbox 758 5011 911 5068; x_wconf 85' lang='lat' dir='ltr'>Manutius</span> <span class='ocrx_word' id='word_1_396' title='bbox 934 5009 1053 5068; x_wconf 90' lang='lat' dir='ltr'>titulum</span> <span class='ocrx_word' id='word_1_397' title='bbox 1075 5010 1104 5081; x_wconf 91' lang='lat' dir='ltr'>b,</span> <span class='ocrx_word' id='word_1_398' title='bbox 1127 5007 1312 5066; x_wconf 87' lang='lat' dir='ltr'>dimidiatum</span> <span class='ocrx_word' id='word_1_399' title='bbox 1328 5009 1390 5067; x_wconf 88' lang='lat' dir='ltr'>Me-</span> 
     </span>
     <span class='ocr_line' id='line_1_43' title="bbox 76 5109 1393 5189; baseline 0.001 -22"><span class='ocrx_word' id='word_1_400' title='bbox 76 5111 192 5168; x_wconf 87' lang='lat' dir='ltr'>&#39;tellus</span> <span class='ocrx_word' id='word_1_401' title='bbox 215 5129 280 5169; x_wconf 90' lang='lat' dir='ltr'>cum</span> <span class='ocrx_word' id='word_1_402' title='bbox 296 5111 422 5189; x_wconf 87' lang='lat' dir='ltr'>Ligorio</span> <span class='ocrx_word' id='word_1_403' title='bbox 446 5112 512 5188; x_wconf 90' lang='lat' dir='ltr'>(qui</span> <span class='ocrx_word' id='word_1_404' title='bbox 528 5123 626 5172; x_wconf 86' lang='lat' dir='ltr'>tamen</span> <span class='ocrx_word' id='word_1_405' title='bbox 643 5113 722 5170; x_wconf 90' lang='lat' dir='ltr'>binis</span> <span class='ocrx_word' id='word_1_406' title='bbox 743 5113 901 5171; x_wconf 88' lang='lat' dir='ltr'>vocabulis</span> <span class='ocrx_word' id='word_1_407' title='bbox 924 5113 983 5169; x_wconf 84' lang='lat' dir='ltr'>v.l</span> <span class='ocrx_word' id='word_1_408' title='bbox 1009 5117 1099 5186; x_wconf 84' lang='lat' dir='ltr'>auget</span> <span class='ocrx_word' id='word_1_409' title='bbox 1113 5129 1172 5169; x_wconf 91' lang='lat' dir='ltr'>uno</span> <span class='ocrx_word' id='word_1_410' title='bbox 1194 5129 1221 5168; x_wconf 92' lang='lat' dir='ltr'>v.</span> <span class='ocrx_word' id='word_1_411' title='bbox 1238 5109 1256 5167; x_wconf 81' lang='lat'><strong>2</strong></span> <span class='ocrx_word' id='word_1_412' title='bbox 1280 5111 1393 5187; x_wconf 86' lang='lat' dir='ltr'>privat)</span> 
     </span>
     <span class='ocr_line' id='line_1_44' title="bbox 91 5212 376 5272; baseline 0.018 -5"><span class='ocrx_word' id='word_1_413' title='bbox 91 5212 125 5268; x_wconf 90' lang='lat' dir='ltr'>in</span> <span class='ocrx_word' id='word_1_414' title='bbox 150 5212 230 5270; x_wconf 88' lang='lat' dir='ltr'>hunc</span> <span class='ocrx_word' id='word_1_415' title='bbox 252 5215 376 5272; x_wconf 91' lang='lat' dir='ltr'>modum</span> 
     </span>
    </p>
   </div>
   <div class='ocr_carea' id='block_1_5' title="bbox 1151 5313 1189 5373">
    <p class='ocr_par' dir='ltr' id='par_1_5' title="bbox 1151 5313 1189 5373">
     <span class='ocr_line' id='line_1_45' title="bbox 1151 5313 1189 5373; baseline 0.053 -2"><span class='ocrx_word' id='word_1_416' title='bbox 1151 5313 1189 5373; x_wconf 79' lang='lat'>19</span> 
     </span>
    </p>
   </div>
   <div class='ocr_carea' id='block_1_6' title="bbox 0 0 1737 5820">
    <p class='ocr_par' dir='ltr' id='par_1_6' title="bbox 0 0 1737 5820">
     <span class='ocr_line' id='line_1_46' title="bbox 0 0 1737 5820; baseline 0 0"><span class='ocrx_word' id='word_1_417' title='bbox 0 0 1737 5820; x_wconf 95' lang='lat' dir='ltr'> </span> 
     </span>
    </p>
   </div>
  </div>
 </body>
</html>
