3488 5828
341 512 412 581 174
924 521 1071 582 suanus

255 739 260 750 ·
337 717 404 765 cata
429 717 514 765 erant
539 707 590 774 (cf.
613 707 763 766 Plinius
791 727 820 765 u.
842 707 871 764 h.
894 706 1035 766 XXXIII
1060 706 1117 765 118
1140 705 1281 766 XXXIV
1307 705 1380 781 165)
1407 705 1548 780 idemque
1579 703 1675 760 etiam

337 809 411 868 alibi
433 809 569 867 obtinuit.
614 809 663 868 Ex
684 810 750 887 lege
766 809 943 887 Vipascensi
966 810 1109 868 discimus
1132 810 1251 886 negotia
1272 809 1431 884 ciliciaque
1453 807 1565 877 omnia,
1592 823 1674 880 quae

337 912 499 971 secundum
522 930 586 969 earn
609 911 754 984 locantur,
782 932 800 970 a
822 913 913 972 sociis
940 912 1065 972 conduci
1092 912 1184 970 solita
1210 929 1286 969 esse.
1330 909 1537 970 conductores
1565 907 1672 966 socios

335 1015 405 1074 illos
428 1033 532 1073 servos
555 1015 767 1092 mancipesque
793 1016 945 1085 habuisse,
973 1016 1081 1091 quibus
1107 1015 1252 1091 pecuniae
1280 1014 1470 1091 potissimum
1497 1011 1673 1087 exigendae

336 1137 457 1193 operam
486 1119 669 1188 mandarent,
703 1129 935 1176 cousentaneum
962 1126 1016 1176 est.
1064 1117 1144 1175 Hiuc
1171 1117 1301 1175 formula
1328 1115 1464 1175 sollemni
1491 1115 1571 1171 locis
1599 1112 1672 1189 plus

336 1220 439 1296 viginti
456 1221 485 1278 in
500 1221 556 1278 hac
570 1221 636 1296 lege
651 1221 798 1278 nominari
814 1221 947 1278 videmus
969 1222 1165 1278 conductorem
1179 1223 1285 1277 socium
1300 1229 1454 1276 coloremve
1468 1220 1528 1274 eiua
1552 1215 1598 1290 (v.
1617 1215 1635 1272 3
1651 1215 1672 1271 4

337 1323 354 1379 ‘l
384 1324 429 1381 bis
459 1324 495 1381 13
526 1323 563 1380 14
593 1323 630 1380 15
661 1323 696 1380 16
727 1323 763 1380 18
792 1321 831 1378 24
858 1324 896 1380 34
924 1323 964 1379 40
991 1324 1030 1380 43
1059 1324 1098 1380 45
1121 1323 1167 1380 bis
1194 1323 1231 1380 51
1256 1323 1302 1380 bis
1329 1321 1367 1380 53
1390 1321 1429 1378 55
1453 1318 1518 1394 60).
1566 1315 1672 1377 Semel

335 1425 525 1502 neglegentia
552 1425 681 1482 fortasse
714 1432 828 1482 tantum
859 1425 1040 1500 quadratarii
1069 1427 1221 1482 conductor
1246 1427 1373 1482 sociusve
1399 1421 1519 1497 ponitur
1546 1420 1669 1478 omisso

335 1535 435 1585 actore
458 1527 499 1603 (v.
525 1527 588 1603 19).
633 1525 794 1599 Quaeritur
822 1536 920 1584 autem
942 1547 1012 1586 num
1036 1537 1117 1586 certa
1140 1547 1178 1584 ex
1206 1545 1300 1584 causa
1322 1526 1473 1584 conductor
1500 1523 1590 1582 sulus
1612 1539 1671 1579 nec

335 1639 435 1689 actore
456 1648 510 1688 nee
532 1634 614 1688 socio
637 1629 752 1687 adiecto
775 1631 943 1688 nominetur
964 1630 1034 1688 item
1056 1648 1114 1688 non
1140 1648 1218 1702 raro,
1246 1629 1358 1688 scilicet
1380 1627 1561 1685 duodeciens
1587 1624 1666 1699 (ul

336 1733 352 1790 3
370 1731 408 1788 22
426 1731 463 1789 27
482 1731 520 1791 28
538 1732 577 1790 30
594 1733 629 1789 31
649 1731 687 1789 36
705 1733 742 1790 37
760 1732 797 1797 39
814 1732 854 1789 40
869 1729 934 1807 42).
978 1729 1078 1814 Semel
1098 1733 1234 1790 similiter
1253 1750 1308 1808 pro
1324 1729 1503 1790 conductore
1517 1728 1669 1804 scriptum

335 1843 380 1894 est
402 1840 451 1911 qui
473 1836 637 1892 conduxerit
658 1833 699 1910 (v.
719 1834 780 1909 10).
825 1832 954 1892 Credere
976 1835 1086 1910 aliquis
1108 1835 1206 1912 possit
1230 1835 1262 1890 id
1283 1833 1325 1892 ibi
1348 1833 1412 1890 fieri
1434 1831 1485 1890 ubi
1507 1848 1571 1888 non
1594 1829 1670 1905 quid

335 1937 509 1995 conductori
529 1937 740 2012 praestandum
760 1937 799 1994 sit
817 1938 854 1995 ab
875 1937 942 1994 aliis
962 1937 1119 2007 indicetur,
1140 1937 1192 1994 sed
1213 1938 1286 2013 quid
1305 1937 1371 2013 ipse
1391 1934 1489 1992 lacere
1510 1940 1565 1990 aut
1581 1949 1670 2008 prae-

335 2049 416 2097 stare
442 2039 562 2110 debeat3
597 2039 649 2096 sed
676 2039 749 2096 illud
778 2039 809 2097 in
836 2059 863 2096 r.
887 2041 900 2095 l
926 2039 943 2096 3
967 2058 1025 2097 non
1054 2041 1188 2116 quadrat.
1233 2038 1395 2097 Brevitatis
1424 2037 1515 2113 igitur
1545 2045 1669 2094 tantum

334 2161 426 2200 causa
447 2142 592 2199 formulae
614 2141 799 2200 sollemnitas
823 2141 938 2198 ridetur
959 2142 1107 2200 interdum
1129 2141 1265 2220 neglecta
1286 2159 1360 2199 esse.

419 2242 580 2316 Quaeritur
606 2245 713 2302 deinde
739 2243 934 2302 conductores
961 2245 1006 2302 illi
1033 2245 1115 2316 socii,
1142 2245 1250 2319 quibus
1278 2242 1397 2319 singula
1419 2241 1540 2318 negotia
1564 2240 1670 2298 officia

334 2347 481 2420 locantur,
503 2356 601 2404 utrum
623 2346 713 2404 iidem
734 2346 845 2404 fuerint
867 2347 1013 2418 homines,
1041 2366 1079 2404 an
1106 2347 1135 2404 in
1166 2345 1294 2422 singulis
1316 2347 1405 2403 rebus
1428 2343 1551 2401 diversi.
1598 2342 1670 2401 Hoc

334 2467 503 2524 quanquam
526 2467 712 2524 consequens
733 2457 781 2507 est
802 2469 840 2507 ex
855 2451 953 2507 verbis
975 2449 1062 2525 legis,
1084 2459 1182 2506 tamen
1197 2469 1229 2506 re
1251 2447 1326 2506 illud
1340 2447 1557 2514 fereevenisse
1580 2455 1669 2521 puto,

335 2551 448 2609 scilicet
475 2570 565 2608 unam
591 2551 685 2609 fuisse
712 2551 924 2610 conductorum
954 2552 1142 2622 societatem,
1170 2571 1245 2628 quae
1266 2549 1388 2608 metalla
1414 2550 1480 2626 ipsa
1501 2550 1670 2624 omniaque

334 2673 411 2730 quae
433 2653 620 2711 metallorum
642 2654 742 2728 operis
771 2653 951 2730 praestanda
975 2663 1078 2712 essent
1104 2655 1293 2725 conduxerit,
1320 2652 1516 2711 conductores
1547 2651 1670 2710 scilicet

335 2756 447 2814 metalli
469 2755 673 2830 Vipascensis.

416 2859 552 2917 Procedo
579 2877 657 2916 nunc
683 2860 720 2916 ad
749 2861 934 2936 singulorum
961 2860 1090 2936 capitum
1113 2859 1352 2936 explicationem.

194 2979 208 3028 1
228 2978 320 3028 Certe·
418 2960 516 3035 Quam
537 2961 710 3036 frequentes
732 2962 763 3019 in
785 2963 847 3019 vita
873 2963 1011 3020 Romana
1031 2972 1091 3020 tam
1115 2962 1233 3037 publica
1253 2980 1343 3037 quam
1366 2959 1483 3036 privata
1504 2961 1668 3018 auctiones

195 3063 275 3110 simae
286 3063 444 3122 err-suerint
461 3064 701 3122 Mommsenus
722 3066 890 3139 nuperrime
910 3065 1060 3141 exposuit,
1079 3083 1146 3123 curn
1163 3064 1289 3122 tabellas
1305 3062 1556 3140 perscriptionum
1573 3062 1669 3120 Pom·

195 3145 459 3243 g⁰f¹t²¹fi²¹⁰peianas
489 3185 508 3223 a
534 3165 612 3224 Iulio
641 3165 678 3223 de
700 3166 810 3223 Petra
835 3167 963 3243 primum
990 3167 1085 3225 editas
1112 3167 1276 3242 explicaret
1302 3165 1347 3240 (in
1368 3164 1499 3224 Hermae
1521 3164 1583 3221 vol.
1599 3164 1669 3222 XII

205 3228 309 3360 εζξζζ
337 3267 488 3344 pilius).
521 3268 611 3344 Ipsee
634 3268 762 3326 tabellae
784 3268 853 3326 illae
875 3270 979 3327 eodem
996 3270 1064 3328 anni
1088 3269 1216 3345 proximi
1234 3288 1301 3326 vere
1314 3275 1460 3343 repertae,
1483 3285 1545 3343 quo
1562 3267 1669 3325 tabula

203 3410 227 3443 γ,
254 3395 316 3444 1-9
337 3369 530 3445 Vipascensis
544 3371 664 3446 prodiit,
687 3372 841 3430 auctiones
856 3390 943 3445 quern
959 3371 1134 3430 admodum
1156 3372 1273 3429 institui
1297 3371 1403 3430 solitae
1419 3370 1480 3428 sint
1491 3369 1667 3427 accuratius

335 3481 365 3530 et
382 3472 500 3546 plenius
516 3489 605 3547 quam
627 3481 714 3530 antea
730 3491 783 3530 nos
800 3475 989 3534 edocuerunt.
1034 3473 1263 3551 Stipulationem
1281 3491 1350 3530 vero
1373 3472 1573 3548 argentariam
1597 3490 1667 3529 eam

335 3574 443 3632 dictam
472 3592 549 3648 esse,
576 3593 651 3650 quae
676 3576 754 3633 inter
781 3577 983 3652 argentarium
1009 3577 1252 3653 venditoremque
1274 3577 1373 3648 fiebat,
1400 3595 1439 3633 ex
1463 3575 1520 3631 hac
1543 3575 1668 3632 demum

333 3677 399 3753 lege
420 3678 558 3736 innotuit.
605 3676 690 3736 Unde
712 3679 768 3736 hoc
791 3679 867 3755 legis
889 3689 978 3756 caput
994 3698 1134 3738 unacum
1156 3680 1291 3754 sequenti
1305 3678 1507 3736 Mommsenus
1530 3677 1667 3753 primum

334 3779 426 3837 edidit
446 3779 513 3838 loco
536 3797 628 3854 supra
649 3781 789 3852 indicato,
812 3791 971 3856 propterea
984 3782 1064 3858 quod
1086 3783 1154 3840 inde
1171 3783 1288 3840 demum
1304 3781 1449 3840 codicillis
1465 3779 1666 3854 Pompeianis

334 3883 424 3958 plena
444 3883 498 3940 lux
520 3881 639 3940 affulsit.
684 3880 857 3941 Centesima
878 3903 976 3942 rerum
1003 3885 1152 3942 renalium
1181 3885 1244 3943 sive
1265 3883 1435 3941 auctionum
1455 3883 1493 3940 ab
1518 3884 1666 3957 Augusto

334 3985 473 4042 instituta
499 3993 529 4042 et
556 3993 624 4058 post
649 3985 765 4061 aIIquot
792 3987 972 4045 mutationes
1001 4007 1019 4043 a
1041 3984 1167 4045 Claudio
1193 3988 1333 4044 restituta
1365 3986 1395 4042 in
1423 3984 1512 4042 Italia
1547 3993 1668 4042 tantum

309 4137 311 4142 .
334 4086 465 4158 valebat;
488 4087 586 4163 agitur
608 4087 656 4144 hic
678 4087 713 4142 de
736 4089 908 4159 centesima,
931 4107 1019 4165 quam
1042 4089 1278 4147 avenditoribus
1300 4088 1461 4164 exigebant
1483 4086 1535 4162 qui
1558 4105 1668 4145 eorum

333 4190 452 4247 nomine
474 4190 626 4247 auctiones
648 4189 854 4262 instituebant,
877 4191 907 4248 id
926 4202 972 4250 est
987 4191 1156 4266 argentarii.
1200 4192 1274 4249 Inde
1297 4190 1499 4268 stipulationis
1522 4201 1669 4267 argenta·

333 4291 396 4348 riae
418 4309 525 4348 nomen
547 4293 722 4366 explicatur.
768 4290 855 4365 Quod
882 4293 953 4352 alibi
982 4294 1170 4372 argentariis,
1198 4295 1228 4351 id
1255 4313 1293 4351 ex
1320 4293 1376 4351 huc
1398 4293 1464 4369 lege
1485 4292 1668 4350 conductori

333 4393 512 4451 centesimae
539 4393 596 4452 soli
622 4395 693 4453 licet
717 4395 748 4452 in
773 4395 913 4454 omnibus
940 4397 1005 4455 cius
1031 4398 1150 4473 generis
1178 4395 1420 4471 stipulationibus
1449 4403 1570 4470 praeter
1599 4412 1668 4465 eas,

333 4511 408 4570 quas
430 4513 562 4554 summus
584 4497 714 4572 regionis
738 4497 931 4574 magistratus
953 4509 1128 4575 procurator
1150 4497 1263 4557 metalli
1285 4499 1371 4556 iussu
1392 4497 1584 4574 imperatoris
1609 4497 1669 4572 (ita

333 4597 411 4654 eninr
437 4598 547 4656 lacuna
573 4599 690 4657 videtur
715 4601 848 4676 suppleri
875 4619 965 4678 posse
991 4601 1200 4678 probabiliter)
1224 4602 1255 4658 in
1276 4600 1342 4659 fisci
1363 4598 1554 4657 commodum
1577 4599 1669 4658 insti-

332 4699 430 4757 tuerit
473 4698 561 4758 Unde
583 4702 609 4758 si
631 4712 808 4776 procurator
828 4714 934 4779 puteos
950 4704 1064 4761 metalli
1086 4703 1196 4774 rendit,
1219 4703 1297 4778 quod
1320 4703 1393 4777 quid
1415 4701 1563 4778 significet
1584 4701 1668 4759 infra

332 4820 522 4878 quaeremus,
544 4803 716 4862 conductori
739 4807 923 4863 avenditore
946 4807 1138 4864 centesimam
1154 4806 1274 4881 exigere
1296 4823 1355 4862 non
1376 4805 1472 4874 licuit,
1493 4803 1580 4861 licuit
1601 4803 1667 4862 sor-

333 4919 412 4964 tasse
428 4905 466 4962 eb
482 4915 628 4981 emptore;
653 4915 810 4984 utrumque
826 4910 903 4965 enim
920 4907 1052 4985 suppleri
1067 4916 1174 4984 potest.
1215 4907 1359 4983 Alioquin
1375 4907 1518 4978 venditor,
1541 4907 1666 4966 etiamsi

333 5007 433 5065 omnia
455 5025 512 5066 sua
533 5008 564 5066 in
586 5009 723 5068 auctione
748 5011 830 5068 foras
857 5011 939 5069 dedit
965 5009 1061 5086 (quod
1084 5011 1160 5088 inter
1183 5009 1371 5068 metallorum
1394 5027 1503 5087 operas
1528 5009 1666 5066 fortasse

332 5129 392 5168 non
419 5130 487 5168 raro
513 5111 645 5186 accidit),
678 5119 776 5170 tamen
803 5113 995 5172 centesimam
1022 5113 1193 5171 conductori
1227 5121 1381 5188 praestare
1407 5111 1530 5188 cogitur,
1564 5129 1667 5185 neque

333 5213 497 5270 liberantur
524 5233 542 5269 a
569 5214 748 5272 centesimae
774 5215 923 5273 solutione
952 5235 1004 5274 eae
1030 5233 1171 5286 summae,
1200 5232 1275 5290 quas
1303 5213 1440 5272 venditor
1469 5213 1501 5272 in
1522 5213 1667 5272 auctione
