3488 5828
430 535 478 588 aa
504 535 732 589 naaunnmvs
758 534 1051 590 avevsramnvs
1329 517 1400 588 229

72 710 161 784 plane
190 709 355 768 inauditum
384 719 430 769 est
459 721 488 769 et
517 713 616 770 verbis
645 709 799 770 Ciceronis
828 710 951 786 supral)
979 711 1078 768 allatis
1104 715 1260 786 repugnat.
1304 709 1404 785 Atque

72 811 151 870 lilios
173 812 303 871 maxime
325 823 522 890 posterosque
539 814 675 872 divorum
697 813 910 890 imperatorum
933 820 992 885 aut,
1016 813 1042 870 si
1065 812 1140 871 nulli
1162 819 1260 871 essent
1281 812 1404 887 posteri,

70 914 258 990 propinquos
280 925 486 991 cognatosque
502 915 652 974 flamoniis
675 915 735 973 illis
758 933 826 974 esse
848 923 970 974 ornatos
991 925 1021 974 et
1042 935 1080 974 ex
1103 935 1135 974 re
1158 915 1225 992 ipsa
1247 913 1404 988 probabile

72 1016 106 1072 fit
128 1023 218 1074 etex
241 1017 388 1094 exemplis
403 1036 480 1092 quae
503 1017 591 1076 nobis
614 1027 734 1076 servata
757 1026 826 1076 sunt
845 1017 946 1094 colligi
970 1035 1061 1094 posse
1082 1018 1212 1076 videtur:
1237 1015 1262 1075 si
1285 1015 1404 1091 quidem

72 1117 181 1177 flamen
203 1119 380 1196 Augustalis
407 1119 520 1194 primus
548 1119 604 1178 luit
626 1118 822 1180 Germanicus
850 1117 973 1192 Caesar,
1000 1119 1060 1177 divi
1087 1119 1216 1196 Augusti
1243 1117 1405 1192 adoptione

71 1238 178 1298 nepos,
201 1229 262 1279 tum
284 1220 367 1280 Nero
384 1218 498 1280 Caesar
514 1222 645 1298 Augusti
666 1239 826 1299 pronepos,
849 1219 977 1280 Claudio
992 1223 1157 1297 imperante
1179 1238 1245 1278 eum
1261 1219 1405 1277 Iuliorum

73 1341 149 1399 gens
172 1323 230 1381 iam
252 1323 416 1382 interiisset
437 1322 473 1382 L.
492 1321 611 1385 Silanus
627 1325 759 1401 Augusti
781 1344 819 1382 ex
840 1323 903 1382 filia
924 1324 1072 1399 abnepos3
1094 1323 1310 1401 posterioribus
1333 1330 1406 1379 tern-

72 1407 197 1502 peribus
225 1425 396 1484 flamonium
420 1427 587 1502 Augustale
615 1426 654 1485 ad
680 1427 794 1486 alienos
816 1427 855 1484 ab
878 1426 1005 1504 Augusti
1030 1425 1174 1503 progenie
1196 1425 1331 1482 homines
1354 1423 1405 1479 de-

72 1527 170 1586 latum
190 1545 257 1586 esse
280 1545 403 1587 neeesse
423 1535 479 1587 est.
525 1526 575 1588 Sic
590 1526 758 1588 Helvianus
780 1528 888 1587 flamen
910 1528 1025 1604 primus
1046 1528 1104 1586 fuit
1118 1527 1245 1586 Helvius
1261 1526 1405 1584 Pertinax

73 1629 136 1686 divi
159 1629 326 1689 Pertinacis
349 1630 444 1701 lilius3
472 1629 541 1688 divo
563 1630 619 1689 Pio
642 1630 790 1690 flaminem
812 1649 852 1689 ex
880 1629 1020 1690 affinibus
1041 1637 1173 1690 creatum
1195 1648 1265 1689 esse
1286 1628 1405 1706 biogra-

74 1732 153 1807 phus
175 1731 269 1790 Marci
292 1743 393 1791 narrat
415 1753 440 1791 c.
464 1733 496 1790 i:
525 1752 561 1792 ae
587 1734 689 1792 neseio
716 1752 753 1792 an
781 1732 832 1808 qui
853 1730 1008 1792 Hadriano
1035 1733 1200 1809 imperante
1222 1733 1329 1791 flamen
1351 1731 1406 1791 Ul·

74 1833 166 1909 pialis
188 1834 244 1892 fuit
265 1833 308 1911 (p.
326 1833 417 1910 224),
438 1834 474 1893 L.
492 1833 613 1894 Coelius
628 1831 776 1894 Balbinus
792 1834 945 1894 Vibullius
962 1835 1047 1907 Pius,
1070 1855 1137 1894 cum
1160 1854 1176 1894 e
1198 1835 1276 1894 tribu
1299 1833 1406 1910 Sergia

74 1935 174 2007 suerit,
196 1937 307 2012 quain
331 1937 410 1995 tribu
432 1937 579 2008 Italicam,
602 1937 679 1997 uude
701 1936 846 1996 oriundus
867 1945 932 1997 erat
954 1937 1113 2010 Traianus,
1136 1937 1231 1996 fuisse
1253 1933 1406 2011 scimus²)‚

75 2039 143 2113 ipse
166 2056 284 2114 quoqne
305 2039 477 2100 Italicensis
501 2047 530 2098 et
558 2039 779 2116 propinquitate
801 2059 869 2099 cum
895 2040 965 2097 diro
987 2040 1121 2099 Traiano
1147 2041 1322 2100 coniunctus
1344 2037 1407 2096 t'ue·

76 2141 130 2211 rit;
156 2157 336 2216 quamquam
363 2142 438 2201 haee
464 2142 637 2200 coniectura
663 2141 788 2201 multum
816 2144 903 2204 abest
925 2150 958 2202 ut
983 2150 1064 2202 certa
1088 2143 1135 2202 sit.
1179 2143 1279 2219 Atque
1301 2147 1334 2200 ut
1355 2159 1407 2218 po·

77 2251 188 2301 stremo
210 2243 276 2302 loco
292 2275 330 2286 -
348 2262 417 2301 nam
443 2243 475 2302 id
502 2243 599 2302 solum
626 2253 740 2304 restare
768 2243 940 2304 videtur-
956 2245 991 2303 de
1019 2244 1272 2322 appellationibus
1298 2242 1407 2322 quibus

76 2345 264 2404 sollemniter
291 2346 336 2404 usi
366 2345 426 2404 sint
451 2345 587 2404 flamines
609 2346 744 2406 divorum
772 2346 881 2418 dicam,
914 2347 1162 2424 quemadmodum
1192 2345 1327 2405 flamines
1356 2344 1407 2421 qui

75 2447 144 2507 Iovi
165 2447 256 2506 Marti
278 2447 406 2522 Quirino
434 2457 520 2507 erant
546 2449 699 2510 constituti
728 2467 846 2527 semper
867 2450 969 2509 Diales
991 2449 1145 2509 Martiales
1169 2448 1334 2520 Quirinales
1355 2467 1408 2506 vo-

75 2557 183 2608 cantur
204 2557 293 2626 atque
315 2549 449 2609 inaudita
471 2559 516 2610 est
538 2551 718 2628 significatio
732 2554 841 2627 flamen
862 2553 942 2610 loeis
956 2554 1064 2627 flamen
1085 2551 1194 2610 Martie
1209 2553 1317 2626 flamen
1337 2541 1426 2619 Qua

76 2656 144 2724 riui,
170 2652 213 2710 ita
238 2652 374 2711 flamines
403 2653 539 2712 divorum
568 2671 687 2730 quoque
714 2673 774 2712 non
793 2656 925 2729 flamines
953 2656 1012 2712 diei
1036 2654 1108 2712 Iulii
1129 2651 1255 2729 Augusti
1279 2651 1407 2722 Claudii,

77 2755 131 2814 sed
158 2755 288 2813 Iulianos
315 2755 491 2832 Aapaetalea
521 2753 691 2814 Claudialea
708 2757 841 2831 ,derainer
870 2774 937 2816 esse
967 2756 1063 2815 dictos
1092 2774 1131 2814 ex
1163 2753 1408 2830 inscriptionibus

76 2865 211 2934 apparet.
256 2857 454 2917 Inveniuntur
468 2859 546 2916 enim
569 2858 600 2916 in
622 2857 867 2932 inscriptionibus
882 2860 1018 2917 flamines
1041 2874 1188 2928 iveramus,
1210 2870 1408 2927 avovsrams,

78 2960 259 3030 cmvaialie
281 2975 424 3032 varians,
447 2963 687 3019 commentamur.
733 2959 771 3017 Ei
797 2980 868 3018 vero
896 2962 947 3037 qui
976 2961 1006 3019 in
1031 2959 1277 3037 inscriptionibus
1305 2977 1408 3017 occur-

77 3071 150 3120 ruat
162 3063 296 3137 flamines
311 3062 372 3119 divi
388 3061 512 3138 Aapasti
532 3080 635 3121 omnes
657 3073 708 3121 aut
723 3062 918 3140 municipales
941 3073 992 3122 aut
1015 3062 1214 3140 provinciales
1237 3059 1408 3120 sacerdotes

60 3163 173 3236 ‘luisse
196 3163 347 3236 videntum
370 3164 488 3242 quade
510 3184 542 3224 re
564 3164 642 3224 dixit
663 3164 867 3226 Mommsenus
889 3165 920 3224 in
941 3163 1073 3226 Hermae
1095 3165 1154 3224 vol.
1171 3165 1200 3238 3,
1222 3185 1252 3243 p.
1269 3163 1337 3223 100.

75 3308 283 3318 ’,ιι-

157 3377 181 3440 ¹)
218 3395 245 3444 p.
260 3380 313 3430 224
332 3395 358 3429 n.
371 3380 395 3430 3.

155 3469 181 3532 2)
220 3470 363 3523 Grotefend
382 3473 519 3538 imperium
537 3471 684 3524 Romanum
703 3473 763 3524 trib.
783 3474 865 3525 deser.
884 3491 909 3540 p.
927 3476 988 3526 100.
1223 3543 1253 3603 D

1256 3560 1367 3606 ESSAU.
