3496 5828
359 475 405 545 62
952 493 1098 546 10110111

442 665 469 723 2.
513 673 632 724 constat
665 667 812 724 sermonis
844 668 1057 744 proprietatem
1091 668 1248 726 admittere
1280 675 1342 725 tam
1372 667 1470 726 collem
1502 667 1691 738 Quirinalem,

357 787 487 844 campum
510 767 649 826 Martiam
672 787 761 845 quam
784 770 899 840 collem,
930 789 1059 846 campum
1085 770 1215 827 nomina.
1260 779 1291 827 at
1317 771 1347 827 in
1370 769 1414 827 eis
1441 778 1520 827 certe
1543 787 1623 845 quae
1646 787 1695 826 su·

357 877 483 948 pereunt
514 871 550 928 de
577 872 787 948 hemerologiis
821 871 920 949 lupide
954 872 1057 930 incisis
1087 872 1273 948 singulorum
1301 871 1431 930 editores
1455 871 1590 946 singulos
1613 871 1695 929 vide-

358 991 424 1030 mus
448 973 505 1030 sibi
527 983 662 1031 constare
685 974 715 1031 in
738 974 889 1032 alterutris
912 974 1083 1032 nominibus
1104 973 1298 1048 usurpandis:
1328 974 1429 1050 itaque
1457 974 1555 1050 campi
1583 993 1694 1032 nomen

358 1075 476 1152 plenius
499 1083 582 1134 extat
602 1075 633 1133 111
657 1076 764 1134 Praeu.
787 1078 881 1134 Amit.
907 1075 994 1146 Ura,
1017 1076 1137 1134 brevius
1159 1076 1190 1134 iu
1213 1077 1286 1134 Arv.
1311 1075 1395 1133 Allif.
1419 1074 1498 1147 Ost,
1521 1075 1610 1134 collis
1634 1076 1696 1152 ple-

357 1177 425 1234 nius
452 1178 483 1235 111
511 1177 591 1236 Vall.
615 1178 723 1251 Amit.,
751 1179 871 1236 brevius
899 1179 930 1237 in
957 1181 1029 1237 Aru.
1052 1177 1128 1236 Vcn.
1152 1177 1261 1236 Praen.
1290 1177 1381 1236 Farn.
1409 1177 1481 1254 Esq.
1510 1196 1696 1254 quamquam

359 1299 419 1337 non
441 1298 578 1356 magnam
602 1280 797 1339 offensionem
819 1281 942 1339 haberet
964 1281 989 1339 si
1011 1280 1041 1337 in
1065 1280 1168 1337 eodem
1189 1279 1328 1356 exemplo
1351 1279 1440 1338 modo
1463 1281 1581 1356 plenius
1605 1281 1696 1340 modo

357 1382 480 1440 brevius
502 1383 702 1458 peremptum
725 1391 851 1441 extaret.
896 1387 1035 1441 cimorum
1057 1383 1179 1441 uomina
1201 1387 1317 1441 mummi
1339 1390 1367 1439 et
1386 1381 1528 1441 Flaminii
1549 1403 1604 1441 cur
1627 1402 1696 1441 con-

358 1491 473 1542 stanter
496 1484 585 1561 plena
606 1485 775 1563 perscripta
797 1485 866 1558 sint,
890 1486 941 1543 ubi
964 1485 1074 1560 templa
1095 1485 1125 1542 in
1147 1490 1189 1543 eis
1211 1487 1275 1544 sive
1298 1485 1334 1542 ad
1358 1503 1409 1543 eos
1432 1484 1473 1560 (v.
1490 1506 1519 1542 n.
1536 1485 1570 1560 3)
1593 1487 1697 1561 posita

357 1595 638 1658 commemorantur,
664 1607 725 1645 non
753 1597 798 1646 est
826 1588 905 1664 quod
934 1605 1091 1663 exponam.
1136 1605 1209 1645 saue
1231 1587 1337 1645 mirum
1361 1598 1407 1645 est
1433 1587 1512 1662 quod
1535 1588 1566 1645 111
1589 1587 1696 1646 1101011-

357 1689 451 1747 dariis
474 1689 571 1764 (Maff.
596 1689 688 1747 Amit.
709 1689 780 1748 Aut.
804 1689 894 1766 Arv.)
917 1689 979 1747 ludi
1001 1689 1099 1766 plebei
1115 1688 1194 1747 Nou.
1214 1691 1355 1748 15-17
1379 1692 1410 1747 iu
1433 1693 1508 1747 circo
1530 1688 1602 1748 facti
1627 1707 1696 1748 esse

358 1791 507 1862 dicuntur,
541 1811 606 1849 cum
641 1801 758 1850 constet
779 1791 882 1849 Valeri
906 1791 1031 1849 Maximi
1065 1791 1236 1849 testimonio
1266 1791 1373 1862 1,7,4
1400 1810 1452 1850 eos
1485 1791 1514 1848 in
1541 1791 1696 1850 Flaminio

359 1894 456 1952 factos
479 1911 557 1952 esse.
601 1893 681 1970 quod
705 1894 822 1951 unicum
846 1912 881 1952 ea
903 1893 940 1950 de
962 1913 994 1952 10
1017 1894 1220 1952 testimouium
1244 1913 1310 1952 cum
1334 1894 1373 1951 sit
1394 1893 1490 1952 debile
1514 1893 1556 1969 (v.
1575 1893 1697 1952 Becker

362 1995 432 2070 Top.
456 2014 483 2070 p.
502 1995 587 2070 668),
610 1995 647 2053 de
669 1994 747 2054 ludis
770 1995 883 2070 plebeis
906 1997 936 2053 in
959 1995 1111 2054 Flaminio
1133 1996 1220 2054 lactis
1243 1996 1419 2066 dubitarem,
1442 1997 1501 2053 nisi
1524 1997 1695 2054 aedificatio

358 2098 429 2156 circi
457 2116 523 2155 cum
551 2097 689 2155 ludorum
717 2098 904 2157 institutione
927 2117 998 2156 sane
1026 2098 1247 2175 quodammodo
1270 2099 1430 2157 coniuncta
1452 2115 1520 2157 esse
1544 2098 1696 2156 videretur

359 2199 541 2276 (Mommsen
564 2200 634 2258 hist.
658 2199 694 2256 R.
721 2199 765 2272 1⁴,
790 2198 875 2276 822).

443 2303 471 2360 3.
516 2301 719 2378 quaerendum
736 2311 781 2361 cst
800 2303 835 2360 de
857 2303 993 2362 formulis
1009 2307 1039 2360 tn
1055 2305 1129 2363 circo
1146 2303 1305 2374 Flentium,
1328 2304 1369 2360 ad
1390 2307 1496 2361 circum
1512 2303 1693 2362 Flaminium

359 2403 577 2479 similibusque.
622 2424 690 2462 uam
719 2425 754 2464 ue
782 2405 837 2462 hae
865 2405 985 2481 quidem
1012 2405 1231 2482 discrepantiae
1258 2424 1347 2464 caeco
1375 2423 1448 2464 casu
1474 2413 1620 2480 reguntur
1643 2415 1695 2462 aut

358 2505 470 2564 nullius
499 2517 569 2565 sunt
595 2506 633 2564 ad
662 2508 752 2565 situm
780 2507 913 2565 locorum
941 2507 1182 2586 cognoscendum
1209 2509 1359 2566 momenti.
1403 2508 1575 2566 memineris
1602 2507 1695 2585 igitur

358 2612 481 2666 nomina
513 2608 670 2685 regionum
696 2607 804 2681 XIIII,
837 2629 912 2686 quas
946 2618 1064 2668 constat
1095 2611 1180 2668 iussu
1212 2615 1283 2686 imp.
1312 2611 1438 2686 Augusti
1471 2627 1626 2685 operaque
1653 2610 1692 2667 M.

358 2712 513 2788 Agrippae
534 2710 629 2769 factas
652 2729 770 2770 esse-
785 2731 844 2788 quo
866 2730 945 2770 anno
967 2712 1064 2771 lectae
1088 2713 1148 2771 sint
1170 2731 1229 2771 uon
1252 2719 1420 2771 constat—
1434 2725 1504 2789 post
1519 2712 1691 2770 Flauiorum

359 2823 485 2872 aetatem
514 2813 685 2891 regionibus
706 2815 855 2891 Augustis
876 2815 972 2873 indita
994 2833 1059 2872 esse
1083 2815 1124 2890 (v.
1141 2815 1256 2873 Preller
1277 2815 1347 2890 Bag.
1370 2833 1399 2890 p.
1417 2814 1455 2872 69
1479 2823 1508 2871 01
1523 2813 1603 2891 Top.
1628 2833 1693 2872 mea

360 2915 468 2990 118).
513 2915 608 2974 nihilo
631 2917 729 2975 minus
752 2917 868 2994 aliquot
882 2936 984 2976 earum
1008 2918 1132 2976 nomina
1147 2917 1363 2976 consuetudine
1387 2916 1534 2975 sermonis
1557 2917 1617 2974 iam
1642 2917 1692 2973 diu

355 3018 398 3075 ita
423 3017 609 3093 frequentata
635 3019 717 3077 suere
745 3030 778 3077 ut
806 3020 837 3077 111
864 3019 1095 3079 sollemnitatem
1124 3020 1316 3077 formularum
1340 3019 1481 3077 abissent.
1526 3038 1564 3077 ex
1588 3039 1692 3077 earum

356 3139 480 3177 numero
502 3131 547 3178 est
570 3125 661 3180 circus
685 3123 856 3196 Flaminius,
879 3122 963 3180 euius
990 3122 1118 3180 nomiuIs
1141 3122 1291 3179 notionem
1315 3131 1433 3198 praeter
1455 3121 1626 3179 aedilicium
1649 3143 1691 3178 re-

357 3223 474 3298 gionem
497 3223 595 3299 ipsam
618 3223 817 3299 viciniamque
839 3223 1100 3300 comprehendisse
1123 3233 1182 3282 tam
1206 3222 1362 3283 Ciceronis
1388 3243 1477 3300 quam
1500 3224 1692 3282 kalendario·

356 3343 421 3381 rum
445 3323 518 3383 Ven.
547 3325 640 3384 Amit.
667 3325 747 3384 Vall.
781 3326 952 3385 testimonia
984 3327 1190 3402 comprobant.
1234 3346 1330 3404 neque
1362 3325 1441 3384 enim
1474 3327 1630 3385 contiones
1663 3337 1692 3382 et

356 3427 514 3499 nundinas,
544 3446 620 3505 quas
648 3427 751 3487 1110111
774 3431 849 3488 circo
868 3429 1017 3486 Flaminio
1038 3429 1157 3487 habitas
1180 3447 1247 3488 esse
1269 3429 1346 3487 dixit
1369 3428 1420 3503 (ad
1437 3429 1499 3485 Att.
1526 3429 1553 3500 l,
1577 3430 1626 3500 14,
1651 3428 1691 3503 1),

357 3528 387 3586 in
410 3529 478 3606 ipso
501 3530 636 3589 aedificio
659 3531 777 3588 habitas
800 3548 865 3590 esse
887 3529 1063 3589 crediderim
1086 3551 1182 3608 neque
1198 3549 1268 3590 vero
1291 3531 1443 3589 adsentior
1458 3530 1596 3589 Beckero
1613 3530 1691 3608 Top.

356 3651 386 3707 p.
403 3631 464 3690 620
487 3633 634 3691 dubitanti
656 3651 695 3692 an
710 3633 854 3709 quaedam
878 3633 999 3710 templa,
1023 3653 1101 3710 (luae
1123 3635 1193 3692 item
1215 3637 1245 3691 in
1266 3637 1340 3692 circo
1357 3633 1504 3691 Flammio
1526 3633 1626 3691 luisse
1648 3633 1692 3690 di-

357 3743 474 3804 cuntur,
497 3734 608 3794 sacella
629 3735 739 3794 fuerint
761 3735 857 3812 ipsius
880 3735 1025 3794 aedificiis
1047 3737 1172 3794 inclusa.
1204 3744 1342 3813 ,apparet
1364 3736 1442 3793 enim
1465 3735 1496 3792 in
1518 3736 1691 3811 promiscuo

356 3836 450 3894 fuisse
473 3837 638 3897 locutiones
660 3838 730 3896 illas
757 3839 798 3894 ad
826 3839 888 3895 sive
915 3840 995 3914 apud
1017 3842 1121 3897 circum
1144 3848 1174 3896 et
1195 3842 1225 3896 iu
1247 3843 1331 3909 circo,
1359 3842 1402 3895 ita
1428 3837 1532 3913 utqui
1555 3837 1609 3895 illa
1631 3847 1692 3895 ute·

356 3947 458 3996 rcntur
485 3939 555 3997 circi
583 3939 768 4010 aedificium,
796 3941 846 4015 qui
870 3939 926 3998 hac
948 3941 1098 4016 regionem
1121 3940 1335 4016 intellegerent.
1381 3940 1425 3998 sic
1453 3941 1495 3998 ad
1520 3943 1627 3998 circum
1654 3939 1690 3997 F.

356 4041 439 4099 Iovis
467 4042 588 4100 statoris
616 4041 801 4117 Iunoniaque
833 4043 954 4118 reginae
980 4043 1124 4118 templum
1152 4043 1283 4117 positum
1311 4043 1384 4100 dicit
1410 4043 1471 4100 kal.
1499 4039 1588 4113 Uib,
1612 4041 1690 4100 idem

355 4147 385 4200 in
408 4148 481 4202 circo
502 4143 539 4201 F.
563 4143 662 4202 Varro
687 4145 766 4220 apud
789 4144 880 4202 Macr.
905 4143 966 4204 Sat.
984 4147 1013 4217 3,
1030 4147 1059 4214 A,
1076 4143 1109 4214 23
1132 4145 1202 4202 item
1225 4145 1306 4218 opted
1326 4147 1433 4202 circum
1453 4143 1487 4201 F.
1512 4144 1619 4201 Martis
1643 4163 1691 4201 ae-

357 4244 422 4302 dem
446 4246 574 4317 Plinius,
597 4249 628 4303 111
650 4249 724 4304 clrco
746 4246 823 4305 idem
847 4244 1004 4305 Cornelius
1028 4246 1132 4322 Nepos
1156 4245 1199 4321 (v.
1223 4245 1341 4303 Becker
1363 4265 1391 4320 p.
1410 4245 1486 4321 619)
1509 4251 1539 4303 et
1561 4245 1692 4303 sortasse

357 4346 435 4404 idem
452 4347 637 4405 kalendaria.
682 4349 719 4406 ad
735 4349 839 4408 horum
857 4349 1033 4424 templorum
1050 4349 1223 4406 memoriam
1239 4347 1298 4404 alio
1315 4355 1449 4424 tempore
1464 4347 1594 4407 redeam.
1640 4348 1692 4406 sed

357 4457 428 4505 nota
449 4467 555 4507 rursus
584 4459 720 4509 constare
744 4451 801 4508 sibi
828 4452 859 4508 in
886 4468 942 4508 usu
965 4450 1158 4508 formularum
1181 4449 1356 4508 kalendaria
1378 4450 1420 4508 ita
1442 4458 1475 4506 ut
1497 4451 1590 4508 Amit.
1615 4449 1690 4507 Ven.

356 4549 437 4608 Vall.
465 4551 599 4624 alteram,
628 4552 751 4610 alteram
780 4553 878 4611 solum
904 4553 979 4612 Urb.
1006 4554 1225 4628 usurpaverint.
1270 4571 1330 4609 non
1357 4552 1466 4610 mirum
1492 4551 1583 4628 igitur
1610 4553 1693 4628 quod

356 4652 433 4710 idem
457 4653 564 4712 accidit
585 4657 615 4714 in
639 4659 712 4713 circo
728 4659 858 4713 antoniano.
903 4655 1074 4712 memineris
1096 4657 1127 4712 in
1149 4656 1217 4730 Ipso
1240 4654 1375 4712 aedificio
1391 4659 1461 4712 circi
1484 4655 1555 4712 bina
1577 4654 1694 4713 sacella

357 4755 506 4827 extitisse,
534 4775 615 4815 aram
640 4755 733 4816 Consi
760 4757 798 4814 ad
825 4764 919 4815 metas
945 4757 1056 4834 primas
1085 4757 1319 4830 subterraneam,
1345 4757 1403 4814 hoc
1430 4763 1476 4815 est
1507 4757 1537 4814 in
1560 4757 1693 4831 planicie

356 4859 486 4916 harenae
507 4859 545 4916 ad
568 4869 658 4936 caput
680 4859 794 4935 spinae,
811 4859 996 4934 Venerisque
1010 4860 1143 4917 Murciae
1167 4859 1313 4918 inclusum
1337 4859 1516 4934 spectaculis
1540 4859 1569 4915 in
1594 4859 1695 4934 capite

357 4962 426 5018 circi
450 4981 469 5018 a
491 4969 574 5036 parte
596 4961 738 5019 Aventini
761 4961 859 5032 factis,
887 4980 947 5037 qua
972 4961 1008 5018 de
1035 4983 1066 5020 re
1089 4962 1251 5038 arruglyphi
1275 4961 1478 5037 Fulginiensis
1505 4971 1534 5018 et
1556 4979 1696 5017 nummo-

356 5084 421 5120 rum
444 5063 602 5122 luculentiS
626 5064 807 5121 testimoniis
834 5063 966 5122 deolsum
991 5082 1056 5122 essc
1085 5064 1200 5123 ostendi
1224 5065 1254 5121 111
1277 5063 1407 5121 editione
1429 5063 1542 5120 formae
1566 5060 1696 5138 Capito-

356 5165 435 5222 linuo
462 5185 491 5240 p.
513 5163 562 5222 20.
607 5175 705 5223 cetera
727 5164 837 5242 templa
858 5166 921 5224 siue
944 5166 1054 5223 sacella
1076 5165 1105 5222 in
1135 5166 1244 5224 vicinia
1267 5165 1335 5223 circi
1365 5169 1465 5240 positu
1494 5163 1587 5222 luisse
1618 5165 1697 5223 sutis
