3488 5828
343 551 505 604 sruuoon
532 551 821 604 ruscnnrtouvu
847 551 931 603 notu
957 549 1113 602 nonunt.
1311 529 1386 600 263

63 726 254 804 scriptionem
284 745 386 786 verum
418 726 456 784 ud
489 735 613 803 tropaeo
638 725 684 785 vel
711 725 882 804 anaglypha
903 726 976 784 baec
1000 725 1161 802 pertinere;
1190 723 1390 799 quoequalis

62 830 176 888 fuerint
205 829 370 887 luculenter
401 829 460 888 nisi
491 829 581 888 fallor
609 828 750 887 docemur
778 827 949 904 anaglypho
977 827 1090 886 thoraci
1116 834 1231 886 statuae
1259 825 1389 902 Augusti

65 931 229 990 Vaticanue
246 931 410 1008 insculpto:
434 932 550 991 scilicet
571 951 630 990 non
646 931 768 990 dubium
789 931 820 988 id
840 930 920 1006 quod
942 948 1001 988 non
1023 929 1143 988 invenio
1165 929 1203 987 ab
1225 928 1390 987 editoribus

66 1043 183 1092 eminae
206 1033 377 1092 adnotatum
405 1051 491 1092 arcus
518 1033 599 1092 illius
626 1033 756 1110 insignia
781 1033 847 1109 ipsa
873 1033 914 1091 ibi
941 1049 1008 1091 esse
1034 1031 1168 1109 repetita.
1213 1030 1265 1088 sed
1288 1029 1325 1088 ad
1346 1030 1390 1087 in-

66 1136 259 1212 scriptionem
283 1145 314 1193 ut
334 1135 462 1207 redeam,
484 1136 540 1194 hoo
568 1155 656 1195 unum
685 1135 813 1212 relinqui
836 1134 953 1194 videtur
976 1143 1008 1191 ot
1029 1151 1116 1192 arcus
1138 1133 1226 1191 huius
1248 1133 1391 1190 destructi

65 1239 167 1297 nescio
196 1255 255 1314 quo
286 1246 417 1312 tempore
445 1238 561 1316 lapides
590 1238 657 1296 aliis
687 1237 942 1296 aedificationibus
963 1237 1122 1312 postmodo
1144 1235 1250 1294 inserti
1270 1234 1390 1293 fuerint.

67 1358 165 1415 neque
180 1359 216 1397 ea
229 1341 398 1398 coniectura
412 1341 493 1399 omni
515 1351 757 1418 argumentorum
772 1341 831 1398 fide
847 1339 988 1398 destituta
1003 1347 1059 1398 est.
1103 1357 1171 1396 uam
1193 1341 1273 1396 iusta
1295 1339 1391 1396 aedem

67 1444 128 1500 diui
149 1443 230 1512 Iulii,
257 1460 345 1517 quatu
371 1461 449 1501 nunc
475 1443 610 1501 videmus
640 1443 749 1501 circum
777 1443 856 1500 circs
882 1441 1038 1500 ruderibus
1060 1441 1225 1510 liberatam,
1247 1458 1302 1498 nec
1322 1439 1392 1496 vola

67 1563 124 1603 nec
146 1543 305 1620 vestigium
327 1563 414 1604 arcus
440 1545 629 1621 triumphalis
656 1545 829 1620 comparuit.
873 1551 1027 1620 praeterea
1047 1543 1148 1618 platea
1170 1549 1232 1600 tots
1253 1561 1313 1617 qua
1334 1542 1390 1599 cir·

66 1645 224 1704 cumdstur
238 1647 363 1722 viaeque
377 1647 532 1724 contiguae
554 1647 656 1705 intima
670 1654 767 1706 aetate
787 1645 853 1704 rudi
876 1645 1001 1704 artificio
1016 1646 1173 1704 restitutae
1195 1653 1272 1702 sunt
1317 1643 1392 1700 ulter

69 1759 168 1806 antem
202 1765 291 1807 arcus
314 1749 443 1826 Augusti
475 1750 571 1809 factus
604 1755 672 1825 post
693 1748 849 1829 Actiacam
876 1747 1030 1805 victoriam
1056 1746 1106 1806 ubi
1134 1747 1249 1805 steterit
1273 1746 1303 1802 in
1325 1746 1392 1804 foro

68 1851 256 1929 ignoramus:
279 1860 310 1909 at
331 1869 368 1910 ne
389 1851 477 1911 buius
500 1853 619 1928 quidem
640 1851 768 1927 vestigia
792 1868 999 1926 comparuere3
1029 1857 1184 1927 praeterea
1205 1847 1284 1906 haud
1304 1847 1392 1905 facile

67 1953 168 2012 lacera
194 1953 268 2011 haec
294 1953 522 2030 inscriptionum
549 1954 715 2030 fragmenta
741 1954 827 2010 titulo
850 1953 880 2010 in
902 1952 1045 2010 victoriae
1066 1952 1150 2010 illius
1172 1949 1290 2009 laudem
1313 1969 1393 2008 com-

69 2055 171 2132 posito
192 2055 320 2114 inseras.
362 2063 462 2131 potest
482 2057 573 2132 igitur
590 2075 659 2116 esse
681 2056 716 2113 fr.
734 2054 771 2114 23
796 2071 884 2113 arcus
900 2055 1038 2130 Augusti,
1060 2054 1197 2113 videntur
1211 2069 1279 2110 esse
1300 2052 1336 2110 fr.
1353 2051 1392 2110 26

69 2165 100 2215 et
115 2155 154 2214 25
171 2175 257 2215 arcus
273 2157 398 2216 Tiberii.
434 2159 561 2235 denique
576 2178 634 2218 non
657 2157 761 2216 tacebo
781 2157 877 2216 neutri
893 2157 997 2215 borum
1020 2158 1104 2214 arcui
1120 2155 1212 2214 videri
1234 2155 1394 2213 convenire

68 2279 135 2317 eam
168 2259 314 2318 orationis
343 2260 554 2336 prolixitatem,
587 2279 676 2336 quarn
709 2261 875 2318 coniunctis
898 2259 933 2316 fr.
957 2258 1006 2318 23.
1032 2257 1079 2315 tt.
1104 2257 1143 2315 25
1167 2257 1257 2333 (adde
1279 2257 1315 2314 fr.
1339 2255 1393 2330 26)

67 2361 275 2420 Mommseuus
298 2362 406 2421 effecit.
449 2363 530 2438 quod
553 2373 586 2422 ut
606 2363 717 2441 legenti
740 2362 862 2438 planum
880 2361 932 2418 fiat
953 2361 1032 2419 inira
1050 2361 1205 2437 composui
1228 2360 1394 2436 fragments

66 2473 210 2540 quattuor
237 2464 383 2541 disposita
409 2484 448 2523 ex
475 2466 644 2524 coniectura
664 2465 839 2523 Mommseui
867 2472 1013 2538 auctaque
1040 2479 1127 2520 versu
1153 2461 1259 2538 primo,
1286 2469 1319 2517 ut
1339 2479 1394 2536 par

66 2575 124 2638 est,
150 2566 312 2625 secundum
335 2566 589 2626 Kellermannum.

427 2773 466 2812 nt.
483 2753 512 2820 4,
524 2753 563 2812 50

172 3085 241 3161 (26)
264 3086 680 3134 cammada-”Mutum
697 3087 854 3128 scurrus
931 3067 999 3140 opo?

547 3195 569 3232 0
930 3187 979 3241 0,ts

480 3257 513 3366 s
533 3201 603 3332 1³0³!
933 3288 983 3342 0725

405 3383 587 3434 trrtutsv
603 3376 646 3434 si
934 3391 984 3444 opo

464 3391 533 3606 9το
549 3511 556 3524 ·
573 3484 603 3539 cl
934 3493 985 3549 opo

283 3598 317 3640 nr
340 3597 505 3654 euremaro
523 3611 529 3626 ·
546 3582 664 3640 runos?
935 3595 985 3650 uro

471 3783 509 3823 n·
525 3763 569 3894 mi
680 3783 773 3826 ostatu
936 3782 987 3833 opo

436 3886 456 3926 r
471 3869 657 3927 ,vutursvsi
702 3886 774 3927 ruvu
936 3883 987 3935 ope

478 3929 606 4094 vssvfb)
937 3985 987 4034 ure

334 4073 542 4132 srcursiuectr
562 4091 670 4132 susus
938 4085 987 4136 ⁰‚1⁶

73 4305 155 4362 ultra
181 4302 301 4380 prodire
328 4303 447 4362 dabitur
476 4303 570 4379 siquis
597 4305 775 4364 architectus
803 4305 882 4380 quod
909 4305 980 4363 olim
1002 4303 1193 4362 Moutirolius
1220 4305 1399 4380 promiserat

72 4414 218 4482 quantum
244 4405 361 4480 quidem
388 4423 466 4464 nunc
491 4405 561 4464 licet
588 4415 747 4467 exsecutus
770 4409 819 4478 sit,
842 4415 875 4464 ut
896 4407 1038 4466 conlectis
1061 4406 1298 4483 examinatisque
1320 4406 1398 4483 frag-

72 4507 183 4567 mentis
205 4525 281 4584 quee
303 4527 397 4584 prope
422 4507 587 4566 columnam
610 4509 708 4568 Focae
731 4519 837 4568 extant
858 4511 1029 4569 coniectura
1055 4509 1190 4586 capiatur
1211 4509 1248 4568 de
1270 4510 1399 4585 pristina

74 4628 164 4669 arcus
187 4609 340 4668 Tiberiani
362 4609 466 4668 torma.

159 4709 250 4770 Haud
269 4711 396 4770 certiora
416 4711 452 4770 de
472 4731 576 4772 arcus
597 4712 748 4773 Fabiani
769 4715 857 4790 longe
877 4714 1062 4774 celeberrimi
1081 4713 1140 4773 situ
1155 4733 1233 4772 nuuc
1248 4723 1400 4791 comperta

75 4823 157 4874 sunt.
200 4813 438 4873 testimoniorum
461 4815 649 4890 antiquorum
670 4817 821 4886 memoria,
843 4835 920 4892 quae
943 4818 1056 4893 primus
1071 4815 1276 4874 Mommseuus
1299 4816 1399 4873 conla-

73 4917 147 4974 latis
175 4916 375 4992 epigrapbicis
401 4925 480 4974 recte
507 4917 676 4976 aestimavit
700 4917 792 4987 (Anu.
820 4920 908 4990 1858,
934 4919 1043 4977 l‘lssss.
1073 4919 1111 4976 cf.
1135 4917 1182 4976 De
1204 4917 1296 4976 Rossi
1319 4919 1398 4976 Ann.

79 5017 171 5090 1859,
195 5017 269 5093 324)
298 5017 427 5077 eflicitur
454 5017 547 5076 fuisse
579 5039 678 5078 arcum
706 5023 787 5078 turta
808 5025 915 5096 rapiam
940 5025 971 5078 in
991 5039 1077 5079 sacra
1099 5022 1148 5078 cia
1169 5018 1226 5092 (ita
1248 5019 1399 5078 Asconius

78 5127 258 5198 personatus
280 5120 311 5178 in
327 5118 413 5178 Verr.
432 5120 458 5191 1,
476 5120 503 5190 7,
522 5121 557 5179 19
581 5140 608 5196 p⁴
627 5121 683 5179 133
701 5120 780 5197 Or.),
804 5122 849 5179 vel
868 5141 961 5199 prope
982 5122 1092 5180 Vestam
1113 5119 1170 5195 (ita
1191 5121 1285 5179 schol.
1303 5119 1398 5180 Gron.

76 5241 105 5299 p.
123 5220 198 5296 393)
222 5222 270 5280 rel
297 5239 411 5281 samum
437 5223 720 5297 tripudiantibus
742 5227 817 5282 viam
840 5234 920 5298 post
949 5223 1079 5300 templum
1103 5222 1230 5283 Castoris
1253 5223 1297 5301 (p.
1314 5223 1398 5299 399),
