3488 5828
368 517 443 593 254
958 537 1102 592 ronnas

368 715 486 790 aliaque
508 722 701 772 monumenta
722 712 838 788 publice
854 714 954 790 posita
975 731 1043 772 esse
1066 713 1242 789 (dequibus
1259 712 1499 772 v.Detlcssenus
1521 714 1607 771 Anu.
1626 713 1701 771 1860

365 835 395 892 p.
414 816 540 892 138ss.)
568 816 705 890 idemque
726 815 835 874 lactum
867 816 977 874 eisdem
1006 815 1161 874 translatis
1184 829 1211 874 a'.
1228 815 1298 886 710,
1330 815 1453 891 quade
1482 835 1516 874 re
1550 825 1625 874 aute
1656 835 1698 874 me

368 917 520 992 (labresb.
540 917 618 976 1875
641 938 668 993 p.
687 917 746 976 746
759 917 815 992 ss.)
838 917 924 976 video
944 925 1023 976 recte
1045 917 1195 976 iudicasse
1209 917 1374 976 Braunium
1391 918 1613 976 dissertatione
1635 927 1700 993 past

368 1029 491 1078 mortem
515 1021 578 1078 eius
600 1020 679 1078 edita
701 1020 866 1095 (Philologi
881 1017 983 1096 Suppl.
1008 1018 1037 1090 2,
1052 1018 1137 1095 425).
1180 1028 1294 1096 partem
1317 1037 1417 1078 eorum
1433 1028 1700 1080 monumentorum

364 1140 443 1197 quae
464 1123 494 1180 in
517 1123 623 1180 rostris
645 1122 796 1180 veteribus
820 1130 965 1182 steterunt
985 1123 1125 1180 interisse
1146 1129 1239 1182 testes
1261 1131 1332 1182 sunt
1349 1124 1503 1182 Asconius
1519 1123 1698 1199 Pliniusque

365 1226 466 1300 quiea
486 1219 607 1282 ‘luisse'
629 1225 670 1283 ibi
686 1233 841 1296 testantur,
863 1234 988 1301 partem,
1011 1225 1100 1284 veluti
1117 1233 1232 1284 statuas
1249 1224 1350 1287 Sullae
1365 1235 1395 1284 et
1409 1226 1540 1302 Pompei
1557 1234 1697 1286 statuam·

365 1345 424 1402 que
447 1325 502 1386 Cu.
525 1325 643 1385 Octavii
666 1329 696 1385 in
719 1327 804 1386 novis
827 1329 996 1386 rostris-
1018 1346 1094 1403 quae
1116 1347 1187 1388 cave
1221 1347 1256 1386 ne
1285 1337 1369 1404 putes
1396 1345 1466 1386 esse
1489 1341 1599 1388 rostra
1620 1329 1696 1387 aedis

365 1429 426 1486 divi
459 1429 526 1488 Iulii
550 1430 602 1488 sed
624 1449 659 1487 ea
692 1430 759 1507 ipsa
780 1429 817 1488 de
838 1430 947 1505 quibus
981 1434 1097 1507 agimus
1120 1429 1157 1488 ad
1190 1431 1271 1488 latus
1294 1447 1380 1488 meus
1405 1429 1511 1490 Severi
1536 1431 1695 1490 —denuo

363 1531 525 1590 collocatas
547 1549 613 1590 csse
636 1532 773 1590 audimus
796 1531 846 1606 (cf.
862 1531 1002 1590 dabresb.
1018 1551 1046 1607 p.
1065 1531 1148 1606 747).
1192 1531 1286 1590 luisse
1308 1533 1385 1590 iuter
1401 1533 1478 1591 baec
1500 1541 1694 1592 monumen&

364 1633 532 1692 columnam
554 1641 714 1692 rostratam
738 1634 939 1704 Duellianam‚
972 1652 1097 1710 eamque
1128 1641 1288 1710 postquam
1321 1635 1507 1710 nescioquo
1540 1636 1608 1694 fato
1630 1653 1693 1693 mox

364 1736 512 1794 interierit
533 1737 597 1796 sive
619 1737 750 1814 Augusti
782 1736 952 1813 principatu
986 1737 1049 1794 sive
1073 1734 1254 1794 Claudii-
1278 1743 1375 1794 utrum
1408 1737 1490 1795 enim
1518 1757 1629 1796 verum
1660 1738 1694 1794 sit

365 1839 509 1898 hocloco
531 1839 674 1898 mittimus
696 1857 839 1914 quaerere
854 1869 894 1882 -
909 1841 1078 1898 restitutam
1100 1857 1166 1898 esse
1189 1845 1307 1897 constat
1328 1839 1503 1898 testimonio
1526 1841 1692 1899 certissimo

366 1937 461 2000 Servii
483 1941 514 1998 iu
535 1939 646 2016 Georg.
662 1941 690 2012 3,
707 1940 745 1998 29
765 1961 820 1999 nec
842 1941 945 2016 procul
967 1942 1004 1998 ab
1019 1959 1055 1998 co
1077 1941 1144 1999 loco
1168 1941 1273 2016 (immo
1295 1937 1413 2016 siquid
1435 1941 1589 2018 ponderis
1611 1943 1692 1999 babet

364 2043 567 2102 testimouium
584 2041 824 2116 Ciacconiauum,
846 2043 995 2118 proxime)
1017 2044 1138 2102 inventa
1156 2055 1202 2102 est
1220 2043 1301 2102 basis
1324 2052 1481 2118 superstes
1504 2043 1552 2118 (v.
1569 2064 1599 2102 n.
1619 2043 1691 2116 127).

365 2146 417 2203 sed
449 2165 552 2204 eorum
579 2164 696 2221 quoque
729 2166 804 2221 quae
832 2165 848 2204 e
878 2145 1028 2204 veteribus
1061 2146 1092 2204 in
1121 2164 1198 2204 nova
1230 2155 1330 2204 rostra
1357 2147 1509 2206 baushta
1541 2155 1615 2205 sunt
1639 2163 1691 2202 uon

363 2257 487 2324 potuere
516 2266 575 2308 non
598 2247 741 2324 pleraque
768 2268 803 2306 ea
829 2256 1005 2324 tempestate
1031 2248 1140 2307 auferri
1161 2267 1222 2324 quo
1248 2249 1335 2306 novis
1358 2267 1395 2307 ea
1415 2250 1609 2307 ornamentis
1629 2265 1689 2305 ccu-

363 2349 503 2409 deccrare
523 2349 619 2408 libuit.
663 2369 717 2408 uec
739 2351 847 2409 desunt
868 2350 1047 2408 testimonia.
1091 2369 1161 2408 nam
1188 2369 1243 2409 nec
1270 2351 1349 2409 ullus
1370 2351 1412 2409 ibi
1438 2359 1567 2426 praeter
1588 2350 1689 2408 colum·

362 2471 431 2511 uam
453 2453 620 2512 restitutam
643 2453 746 2512 titulus
768 2453 879 2511 liberae
901 2454 944 2510 rei
966 2453 1101 2530 publicae
1123 2453 1262 2512 inventus
1284 2463 1332 2512 est
1357 2462 1386 2511 et
1407 2453 1556 2512 novimus
1585 2459 1688 2511 sutuas

362 2559 392 2612 r'n
412 2559 514 2613 rostris
536 2557 651 2631 positas
673 2555 886 2632 imperatorum
907 2557 1040 2632 Augusti
1062 2553 1104 2630 (v.
1127 2554 1219 2630 infra)
1241 2565 1272 2614 et
1293 2553 1413 2614 Claudii
1437 2555 1597 2630 (Pollione
1624 2561 1687 2614 teste

364 2654 484 2716 Claudii
507 2677 532 2716 c.
549 2657 582 2733 3)
605 2667 634 2716 et
649 2655 835 2728 Stilichonis,
862 2658 947 2716 cuius
969 2657 1055 2716 basin
1077 2657 1148 2716 licet
1169 2676 1227 2735 quo
1249 2658 1316 2716 loco
1337 2667 1456 2734 reperta
1479 2657 1522 2716 sit
1544 2660 1688 2735 ignoretur

364 2768 461 2818 tamen
484 2760 514 2818 in
536 2761 642 2819 rostris
660 2761 732 2818 clim
754 2778 821 2819 esse
843 2759 1019 2818 collocatam
1041 2759 1137 2834 ipsius
1159 2759 1239 2817 tituli
1256 2761 1348 2819 verba
1368 2759 1585 2820 demonstrant
1606 2757 1686 2836 (Syll.

363 2880 392 2919 n.
411 2864 675 2921 illu..slutucm
695 2867 725 2920 iu
746 2866 867 2921 rostris.
885 2907 891 2920 .
908 2905 915 2919 .
933 2863 1083 2921 locandam
1103 2863 1314 2921 deussit..a.
1337 2861 1427 2937 406):
1457 2862 1589 2921 alteram
1618 2861 1687 2940 posi·

362 2972 422 3020 tam
445 2965 541 3024 eidem
562 2967 640 3024 inter
661 2982 756 3023 anuos
780 2965 839 3024 398
862 2971 892 3022 et
913 2965 983 3038 400,
1010 2965 1093 3024 cuius
1115 2965 1199 3024 basis
1225 2962 1304 3022 ‘ante
1333 2963 1437 3022 aedem
1462 2962 1521 3025 SS.
1547 2963 1643 3041 Sergii
1662 2971 1686 3021 et

362 3062 487 3126 Baccbi’
519 3075 637 3145 reperta
669 3077 725 3138 est,
759 3075 858 3124 utrum
891 3067 964 3142 ipsis
996 3068 1102 3127 rostris
1135 3067 1276 3144 imposita
1302 3067 1393 3125 fuerit
1417 3085 1458 3124 an
1486 3067 1580 3125 iuxta
1600 3073 1687 3125 rostra

362 3171 479 3228 steterit
507 3170 663 3229 nescimus.
707 3168 834 3245 denique
859 3188 876 3226 e
904 3175 949 3227 tot
977 3169 1071 3228 titulis
1100 3169 1269 3228 honorariis
1303 3186 1396 3245 prope
1428 3175 1534 3226 rostra
1566 3168 1685 3228 inventis

361 3290 420 3330 uon
443 3271 544 3330 nullos
570 3289 637 3330 esse
660 3280 825 3329 statuarum
850 3271 881 3329 in
907 3272 1015 3330 rostris
1043 3271 1209 3348 positarum
1236 3271 1405 3330 coniectura
1431 3271 1515 3328 haud
1544 3272 1685 3350 improba·

362 3373 413 3431 bili
435 3373 521 3431 nobis
544 3374 679 3432 videmur
700 3381 838 3432 statuere.
882 3373 936 3432 sed
957 3383 1112 3449 praeterea
1132 3373 1228 3432 eidem
1250 3373 1316 3431 loco
1338 3371 1559 3432 vindicaverim
1582 3382 1685 3432 saluae

362 3475 436 3533 duas
463 3493 537 3551 quas
559 3473 709 3534 Gabinius
731 3476 850 3534 Vettius
872 3475 1040 3534 Probianus
1062 3475 1230 3551 praelectus
1257 3474 1338 3533 urbis
1361 3494 1388 3532 a.
1405 3473 1466 3532 377
1483 3476 1586 3550 fatali
1606 3492 1684 3533 acm·

361 3581 444 3636 allate
480 3577 632 3636 coulubaua
673 3577 892 3637 celeberrimo
931 3579 1028 3636 urbis
1068 3579 1142 3636 loco
1183 3577 1311 3636 adbibita
1350 3575 1504 3650 dilipeutia
1549 3579 1685 3654 repararit

363 3679 407 3755 (n.
424 3680 472 3738 77.
490 3678 552 3755 78).
598 3697 672 3756 quas
700 3681 786 3738 bases
814 3680 951 3738 iuventas
978 3687 1046 3738 aute
1072 3678 1176 3737 aedem
1197 3679 1362 3738 Faustinae
1388 3697 1441 3736 cur
1468 3678 1587 3739 Petrus
1613 3680 1685 3739 aaa

359 3781 390 3838 in
412 3782 538 3841 basilica
559 3782 638 3840 Iulia
659 3801 754 3859 nuper
775 3782 862 3857 quasi
883 3781 925 3838 ibi
948 3781 1020 3840 olim
1042 3781 1214 3840 extitissent
1235 3781 1437 3853 collocaverit,
1467 3782 1611 3858 equidem
1634 3798 1684 3839 nnn

362 3901 516 3960 assequor.
560 3903 655 3965 neque
682 3885 761 3942 enim
788 3883 850 3942 ulla
875 3901 967 3941 causa
992 3889 1093 3960 potest
1118 3883 1243 3961 cogitari
1269 3901 1322 3941 cur
1347 3882 1391 3941 eis
1420 3901 1483 3940 non
1505 3881 1684 3960 inscripserit

360 4005 397 4043 ea
418 3988 510 4045 verba
537 4005 614 4063 quae
643 3986 795 4062 inscripsit
823 3984 930 4043 statuis
963 3985 1005 4043 ibi
1037 3983 1140 4044 eodem
1166 4003 1245 4043 arrno
1271 3985 1436 4043 conlocatis
1465 3994 1596 4045 ambrum
1622 4001 1685 4060 qest

361 4089 496 4148 basilicae
518 4089 612 4147 Iulios
633 4107 653 4146 a
675 4107 704 4147 se
725 4090 834 4146 neuim
859 4095 1013 4163 reparatae
1039 4098 1200 4146 ornamento
1227 4095 1298 4146 asset
1325 4087 1434 4146 adiecit
1460 4085 1505 4160 (n.
1524 4084 1566 4146 28
1580 4119 1616 4130 -
1629 4083 1682 4158 31).

361 4209 448 4266 quem
482 4190 571 4268 igitur
603 4191 681 4248 dixit
713 4190 810 4248 locum
842 4189 925 4248 urbis
959 4189 1199 4261 celeberrimum,
1236 4207 1302 4248 eum
1335 4188 1386 4246 vix
1419 4190 1594 4265 putaverim
1625 4203 1683 4246 esse

360 4292 458 4350 forum
484 4311 648 4365 romanum,
678 4311 780 4351 verum
801 4301 909 4350 rostra.
952 4291 1148 4368 nequeenim
1170 4307 1242 4349 casu
1269 4289 1377 4348 accidit
1397 4297 1432 4347 ut
1454 4291 1609 4350 similibus
1627 4309 1683 4346 var·
1739 4359 1740 4380 Χ

361 4393 406 4452 bis
435 4393 614 4470 aliquotiens
641 4394 853 4470 significentur,
886 4393 967 4452 velut
988 4394 1067 4470 apud
1089 4393 1221 4452 Plinium
1244 4391 1309 4468 (34,
1329 4389 1383 4467 at)
1406 4402 1527 4451 scamus
1550 4388 1683 4468 (cnoe
1739 4387 1740 4422 ³

361 4495 455 4570 tavio)
475 4505 600 4555 statuam
617 4499 690 4572 porri
711 4499 796 4553 iussit
816 4514 902 4571 quum
927 4497 1120 4555 oculatissimo
1150 4496 1209 4554 loco
1237 4513 1325 4571 cuque
1350 4503 1393 4552 est
1416 4497 1449 4551 ia
1471 4499 1589 4565 rastris,
1614 4489 1681 4569 epod
1739 4485 1740 4512 ³

361 4597 553 4655 Ammiauum
575 4598 742 4668 16,10,13
767 4616 829 4656 cum
850 4601 971 4658 venisset
992 4601 1034 4657 ud
1053 4607 1159 4668 rostra,
1177 4599 1436 4674 perspectissimum
1455 4599 1578 4672 [πίεσαι
1594 4605 1680 4672 porar·
1739 4657 1740 4674 1

362 4702 417 4756 tiae
446 4699 554 4757 locum
582 4699 665 4774 (narn
693 4700 736 4758 ita
763 4700 950 4759 scribendum
979 4719 1034 4776 pro
1062 4718 1098 4757 eo
1119 4699 1199 4775 quod
1228 4699 1296 4756 libri
1318 4699 1430 4757 habent
1444 4698 1576 4775 soram).
1617 4696 1681 4756 adde
1739 4695 1740 4784 l

360 4800 439 4874 quod
464 4804 494 4858 iu
516 4801 697 4860 coeborimo
720 4800 793 4876 (sic)
814 4804 879 4877 sori
900 4803 961 4862 loco
983 4802 1074 4860 verba
1103 4801 1181 4860 tituli
1203 4800 1387 4860 Veronensis
1408 4796 1482 4857 CIL
1505 4801 1537 4872 5,
1564 4803 1591 4872 1,
1613 4795 1681 4859 3337

360 4902 397 4958 ad
431 4912 530 4962 rostra
561 4903 723 4979 municipii,
753 4903 789 4962 de
821 4904 930 4979 quibus
960 4905 1038 4962 infra
1064 4903 1170 4974 dicam,
1198 4901 1351 4962 reserenda
1372 4909 1454 4974 sunt,
1477 4903 1620 4980 quodque
1637 4901 1682 4958 im·

359 5015 512 5078 peratores
542 5005 733 5066 Theodosius
766 5014 794 5063 et
819 5005 968 5064 Arcadius
995 5005 1205 5064 Alexandreae
1239 5013 1368 5062 statuam
1400 5003 1535 5064 Materni
1570 5001 1682 5082 cynegii

359 5106 501 5180 praelecti
523 5109 675 5183 praetorio
697 5126 751 5183 per
773 5105 926 5166 Orientem
951 5107 992 5183 (a.
1016 5106 1194 5181 sat-389)
1221 5110 1252 5164 in
1274 5107 1370 5164 cadara
1395 5106 1556 5181 splendido
1579 5107 1681 5166 ruba..

362 5205 438 5266 loco
470 5208 693 5266 celeberrimo
728 5213 858 5268 coardtui
890 5210 1080 5285 collocarique
1110 5213 1256 5268 iusserant
1287 5205 1370 5282 (CIL
1391 5207 1469 5282 3,1,
1494 5210 1564 5286 19):
1597 5211 1683 5287 potest
