3488 5828
338 537 499 592 sruuoen
525 536 812 591 mscnnmouvu
841 536 925 590 rom
956 536 1110 590 nouem.
1308 519 1378 590 261

57 714 185 774 nateaols
207 713 256 772 olto
277 715 328 789 yid
348 713 423 771 altre
444 713 517 771 volte
538 717 568 770 ia
593 722 694 788 questa
716 713 886 788 prossimitd
915 715 942 770 ei
969 713 1136 770 riaacnacro
1162 714 1307 769 iscrizioni
1333 715 1384 770 im-

54 817 165 894 periali
187 815 263 890 depli
286 813 411 891 Augusti
432 816 464 873 di
484 818 550 891 quei
571 819 654 890 tempi
675 799 863 873 insinuavi
883 817 963 872 scaci
984 816 1045 873 ascl
1067 814 1129 872 alla
1153 813 1213 872 lace
1234 832 1293 871 aaa
1315 823 1385 872 testo

61 923 92 978 di
118 918 257 977 Castanea
273 917 356 992 fiplia
380 919 411 975 di
434 916 614 976 Constantino
641 921 755 974 insieme
777 935 828 974 coa
854 915 901 974 ua’
922 919 1068 974 iscrizionc
1094 917 1273 974 dedicatoria
1295 916 1326 972 di
1347 935 1386 973 aa

59 1022 180 1099 qualche
206 1029 379 1076 monumento
404 1037 423 1076 a
440 1019 640 1078 Valentiniano
667 1019 721 1076 Pia
743 1038 798 1094 per
821 1027 906 1093 parte
932 1019 964 1075 di
989 1017 1097 1077 Flavio
1124 1017 1279 1077 Gratiano.
1323 1017 1385 1075 dixi

60 1123 100 1180 ad
122 1119 197 1198 Syll.
220 1140 249 1178 n.
266 1121 305 1179 55
334 1121 411 1179 huuc
437 1137 502 1178 csse
530 1120 645 1178 titulum
675 1139 734 1178 non
755 1119 967 1179 Valentiniano
994 1121 1046 1178 sed
1071 1119 1257 1178 Maximiano
1283 1119 1341 1178 Pio
1368 1139 1386 1178 a

59 1224 211 1284 Turranio
245 1219 392 1280 Gratiano
426 1241 453 1279 a.
483 1221 543 1280 290
576 1222 742 1282 dedicatum
776 1241 830 1281 nec
861 1229 1010 1299 repertum
1043 1223 1130 1280 iuxta
1161 1223 1250 1281 bases
1283 1240 1385 1280 verum

58 1347 85 1384 a
112 1324 191 1384 1872
214 1331 328 1400 partem
359 1324 424 1381 eius
452 1333 520 1382 ante
549 1325 652 1382 aedem
674 1322 820 1398 Castoris,
855 1325 976 1383 alteram
1006 1325 1036 1382 in
1067 1323 1190 1382 basilica
1210 1324 1290 1382 Iulia
1319 1333 1387 1384 anta

57 1447 86 1486 a.
112 1426 201 1497 1870,
235 1433 268 1483 ut
296 1426 422 1498 videtur,
450 1426 526 1484 unde
555 1435 679 1503 apparet
710 1444 833 1502 prorsus
868 1427 1011 1484 incertum
1040 1443 1107 1484 esse
1140 1443 1199 1501 quo
1230 1426 1385 1503 pertineat.

59 1541 151 1605 caput
179 1528 254 1586 illud
276 1527 356 1604 quod
379 1525 549 1586 Constantii
572 1546 637 1587 esse
659 1528 756 1587 visum
779 1537 826 1586 est
847 1547 906 1605 quo
929 1528 1098 1606 pervenerit
1119 1528 1236 1586 nescio:
1259 1527 1388 1586 fortasse

58 1631 116 1690 fuit
146 1630 225 1688 iuter
258 1639 422 1688 statuarum
448 1631 652 1708 Augustarum
682 1629 843 1688 multarum
876 1631 1020 1707 reliquias
1052 1631 1083 1689 in
1115 1630 1231 1688 horreis
1256 1629 1388 1688 Palatini

58 1733 169 1790 montis
200 1750 293 1809 nuper
321 1731 479 1808 congestis,
509 1731 576 1788 dein
606 1733 631 1790 si
660 1732 756 1790 famae
787 1732 965 1790 credendum
996 1734 1035 1790 sit
1061 1733 1176 1791 Romae
1208 1744 1387 1810 pervagatae

58 1835 206 1893 aliorsum
229 1834 346 1892 ablatis.
395 1851 471 1910 quas
494 1841 591 1891 autem
615 1825 824 1910 inscriptiones
846 1831 1076 1911 ‘Augustorum'
1099 1833 1170 1892 olim
1192 1833 1278 1892 iuxta
1298 1833 1386 1892 bases

58 1947 193 2012 repertas
217 1935 327 1994 dixerit
347 1935 465 2012 ignora:
488 1944 620 1994 noemam
645 1935 780 2012 syllogen
800 1937 852 2012 qui
873 1937 1099 2014 perlustraverit
1121 1935 1252 1994 inveniet
1273 1935 1388 2011 aliquot

57 2039 237 2098 honorarios
259 2039 472 2114 imperatorum
496 2037 599 2095 titulos
622 2037 702 2096 Feae
729 2047 861 2114 tempore
890 2056 983 2115 prope
1005 2039 1093 2096 bases
1120 2038 1207 2096 binas
1234 2037 1388 2095 columnae

59 2140 163 2199 Pocae
185 2139 298 2198 vicinas
328 2149 463 2216 repertos
486 2157 553 2198 esse
579 2159 675 2216 neque
702 2139 859 2216 quicquam
887 2141 987 2199 obstat
1013 2158 1072 2216 quo
1099 2139 1198 2198 minus
1221 2139 1308 2212 alios,
1336 2139 1387 2214 qui

57 2245 89 2302 in
112 2242 237 2300 basilica
260 2243 399 2318 proxima
420 2250 472 2300 aut
492 2243 523 2300 in
547 2241 772 2318 septentrionali
795 2243 887 2300 latere
909 2242 965 2300 fori
988 2241 1136 2314 iacebant,
1164 2262 1182 2298 a
1202 2241 1326 2299 basibus
1353 2259 1389 2298 eo

58 2344 177 2402 delatos
201 2343 392 2402 arbitremur:
421 2353 452 2401 at
473 2343 555 2402 nullo
577 2343 651 2402 mihi
674 2353 752 2402 certe
775 2353 949 2420 argumento
972 2351 1090 2402 constat
1112 2363 1202 2402 unum
1225 2343 1390 2401 alterumve

58 2465 162 2504 eorum
183 2445 318 2504 avulsum
342 2463 410 2504 esse
432 2464 451 2502 a
472 2445 594 2504 basibus
617 2445 769 2504 latericiis.
788 2477 825 2488 -
842 2446 930 2521 longe
946 2445 1053 2504 melius
1076 2446 1113 2504 de
1136 2445 1280 2504 solvenda
1300 2464 1389 2520 quae·

60 2548 160 2606 stione
176 2547 229 2605 illa
243 2566 321 2622 quae
336 2547 407 2605 facit
422 2547 458 2604 ad
474 2547 714 2622 cognoscendum
733 2557 870 2604 ornatum
892 2547 949 2604 fori
971 2547 1059 2604 tertio
1080 2547 1198 2605 saeculo
1219 2548 1388 2606 restitutum

56 2649 213 2708 architecti
240 2649 337 2706 meriti
365 2658 473 2720 essent,
502 2649 527 2707 si
558 2657 602 2706 tot
628 2649 830 2707 columnarum
856 2649 1023 2724 fragmenta
1044 2649 1121 2706 inter
1141 2648 1250 2706 rudera
1271 2659 1390 2726 reperta

57 2761 200 2811 accurate
222 2751 348 2810 dimensi
372 2750 593 2827 quaesivissent
615 2769 762 2826 quaenam
789 2761 870 2808 certa
896 2751 1012 2808 ratione
1034 2750 1158 2809 basibus
1179 2750 1241 2808 illis
1265 2759 1317 2808 aut
1338 2751 1390 2808 ab·

56 2853 236 2913 iudicandae
258 2862 310 2912 aut
331 2853 536 2911 attribuendae
550 2852 722 2910 viderentur
743 2870 824 2911 esse:
847 2871 906 2928 qua
927 2861 1026 2910 tamen
1049 2871 1067 2910 a
1088 2871 1160 2910 cura
1181 2860 1210 2910 et
1223 2851 1308 2910 Rosa
1322 2871 1389 2910 cum

57 2956 124 3016 suis
147 2963 176 3014 et
197 2955 245 3013 cui
266 2956 363 3032 copiis
390 2955 454 3012 eius
481 2954 523 3012 uti
546 2971 719 3012 concessum
747 2954 804 3012 fuit
824 2937 981 3012 Dutertius
1003 2954 1106 3030 procul
1135 2953 1265 3012 abluere.
1308 2963 1386 3013 certe

56 3058 135 3116 nihil
158 3058 193 3116 de
214 3057 262 3115 his
290 3057 379 3115 rebus
402 3058 433 3116 in
461 3055 619 3115 Relatione
641 3075 772 3128 romana,
795 3056 869 3114 nihil
891 3057 921 3114 in
942 3056 1024 3114 Foro
1045 3056 1200 3114 architecti
1221 3055 1319 3132 gallici
1341 3057 1386 3116 in·

57 3161 177 3219 venias:
205 3161 236 3218 in
259 3160 344 3218 Actis
372 3177 460 3217 manu
489 3157 608 3234 scriptis
630 3167 748 3234 praeter
769 3158 851 3216 illam
874 3159 910 3216 de
931 3159 1071 3217 columna
1092 3157 1273 3233 opinionem,
1297 3177 1385 3234 quarn

56 3271 133 3342 puto
156 3281 203 3321 me
225 3279 317 3339 supra
338 3260 544 3333 labefactasse,
567 3261 671 3318 iterum
699 3261 736 3318 de
765 3261 912 3320 columnis
942 3279 1037 3336 neque
1063 3261 1248 3338 probabilius
1276 3260 1386 3319 dictum

57 3367 89 3424 d.
114 3365 154 3422 30
175 3363 262 3423 Mart.
286 3363 428 3422 a1874:
452 3367 479 3422 ai
500 3365 514 3419 d
535 3372 664 3439 cooperto
686 3381 745 3421 aaa
764 3365 876 3438 prande
898 3365 964 3422 hosa
985 3366 1073 3422 attica
1095 3367 1125 3420 in
1147 3382 1255 3422 maram
1276 3383 1387 3440 appor-

58 3478 167 3526 taaeate
193 3467 251 3524 alla
276 3447 339 3523 note
360 3466 475 3524 colonae
497 3469 628 3523 oaororic
650 3465 735 3541 lampa
758 3467 787 3524 la
808 3469 857 3523 oia
883 3485 968 3525 sacra
990 3466 1050 3524 alta
1074 3467 1103 3536 0,
1118 3467 1156 3523 45
1176 3484 1229 3541 per
1256 3467 1285 3538 0,
1296 3465 1336 3524 95
1356 3467 1387 3524 di

58 3569 207 3626 diametro.
251 3567 280 3624 la
295 3567 379 3644 quale
394 3570 408 3624 d
423 3567 575 3644 capocclta
598 3568 645 3626 sal
662 3570 752 3644 piano
775 3569 821 3626 del
835 3571 912 3644 soro.
957 3577 988 3626 at
1010 3585 1101 3643 supra
1122 3567 1251 3626 vidimus
1273 3567 1387 3626 colum-

57 3689 116 3730 nas
137 3670 223 3728 binae
246 3687 322 3745 quae
344 3673 429 3728 iuxta
454 3669 543 3728 bases
569 3669 638 3727 item
661 3669 748 3727 binas
775 3677 911 3746 repertae
933 3670 994 3728 sint
1019 3678 1151 3745 tempore
1174 3667 1256 3727 Feae
1277 3670 1387 3728 diame-

58 3783 139 3831 trum
165 3773 275 3830 habere
302 3791 341 3830 m.
361 3768 469 3842 l‚282.
503 3772 603 3848 itaque
632 3773 682 3847 qui
710 3779 779 3846 post
804 3770 975 3829 Dutertium
1002 3789 1097 3846 eoque
1124 3770 1292 3829 accuratius
1319 3771 1388 3830 reli·

59 3875 150 3952 quiae
176 3873 233 3931 fori
262 3873 299 3932 ad
328 3873 400 3932 artis
430 3874 526 3951 legem
556 3873 758 3949 redintegrare
787 3873 1008 3949 suscipient-
1031 3891 1086 3930 nec
1114 3872 1286 3930 dubitamus
1314 3873 1386 3948 quin

59 3977 178 4037 romani
201 3976 354 4035 architecti
376 3977 433 4034 hoc
455 3995 577 4033 munere
599 3976 713 4033 naviter
735 3983 766 4032 ut
787 3975 886 4033 solent
908 3973 1045 4052 perfungi
1066 3975 1254 4052 properaturi
1276 3975 1385 4032 sint—

59 4091 186 4156 rogatos
209 4079 357 4150 volumus,
382 4084 414 4134 ut
435 4096 511 4153 opus
534 4097 551 4136 a
574 4077 826 4154 topographorum
848 4076 1068 4153 philologorum
1094 4075 1200 4134 studiis
1222 4093 1294 4134 sane
1316 4076 1389 4133 alie·

60 4201 145 4254 num,
176 4181 250 4258 ipsis
279 4179 424 4238 familiare
451 4179 611 4255 profligare
638 4178 767 4255 amplius
795 4198 832 4236 ne
859 4178 1031 4237 detrectent.
1048 4211 1087 4221 —
1110 4177 1162 4236 sed
1189 4177 1294 4236 ultimo
1320 4179 1387 4236 loco

61 4283 270 4344 revertendum
293 4282 329 4340 ad
345 4281 452 4339 Feam:
475 4281 502 4340 is
525 4283 603 4340 enim
626 4291 785 4357 postquam
807 4280 843 4338 de
866 4281 1011 4339 columnis
1031 4281 1161 4339 absolvit
1180 4281 1254 4338 haec
1276 4280 1390 4339 addidit

61 4407 91 4464 p.
110 4387 166 4443 il:
191 4402 291 4461 presso
313 4403 332 4441 a
359 4393 453 4460 queste
481 4387 508 4442 ei
535 4402 603 4442 soao
630 4393 736 4442 troaate
761 4384 815 4440 dae
839 4387 943 4441 marmi
963 4383 1069 4458 quadri
1091 4383 1138 4440 cle
1158 4403 1178 4442 a
1194 4385 1293 4460 primo
1314 4387 1389 4442 cista

61 4487 212 4546 sandrario
241 4488 295 4544 due
319 4487 478 4545 arch-itraoi
504 4505 555 4544 con
582 4483 692 4545 cornice
714 4505 727 4543 e
748 4486 802 4544 dac
815 4487 900 4560 saeco
922 4488 1073 4555 cicactam3
1097 4504 1143 4543 ma
1165 4503 1233 4544 sono
1254 4487 1309 4543 dae
1326 4489 1388 4562 pie·

62 4589 178 4649 dietalli
192 4590 224 4646 di
238 4589 291 4646 dae
305 4599 396 4647 etatae
412 4587 567 4663 ditmaro,
586 4589 817 4664 probahilmenta,
841 4589 889 4647 clm
911 4597 1030 4646 etooaao
1045 4587 1119 4646 salle
1132 4589 1186 4646 dae
1201 4587 1316 4646 colonae
1332 4631 1338 4645 .
1356 4631 1363 4646 .
1381 4634 1387 4647 .

62 4693 159 4751 hanno
181 4709 270 4766 sopra
293 4692 346 4748 dac
366 4693 474 4765 arcadi
501 4692 585 4750 bachi
611 4690 780 4766 ecorpelloti
801 4707 857 4766 per
885 4690 998 4748 levarat
1020 4690 1043 4746 il
1062 4690 1175 4748 metallo
1197 4709 1212 4748 o
1228 4693 1311 4766 serra
1333 4710 1347 4748 e
1367 4691 1390 4747 il

58 4794 176 4871 piomba
203 4793 251 4850 cho
269 4795 403 4867 seratam
431 4793 460 4848 la
486 4802 591 4850 statua.
635 4793 723 4850 timisi
756 4811 832 4868 quae
865 4793 900 4850 de
933 4792 1056 4850 basibus
1083 4791 1246 4849 Domitiani
1273 4799 1389 4850 statuae

60 4894 250 4968 vindicandis
279 4895 414 4953 inseruit.
456 4895 533 4953 inter
554 4894 664 4952 rudera
684 4895 770 4952 iuxta
795 4893 962 4952 columnam
985 4893 1085 4952 Focae
1106 4913 1185 4951 nunc
1206 4893 1390 4952 accumalata

61 4999 117 5056 illa
140 5015 291 5054 marmora
312 5015 371 5055 non
393 4997 521 5074 repperi.

151 5101 266 5156 Arcus
298 5099 539 5174 triumphales
572 5100 602 5157 in
632 5099 696 5156 foro
724 5117 847 5157 romano
880 5099 1056 5157 constitutos
1085 5097 1221 5156 novimus
1249 5097 1388 5172 quinque,

64 5202 245 5273 Fabianum,
269 5201 398 5278 Augusti
417 5201 513 5274 binos,
536 5201 660 5259 alterum
680 5211 808 5259 erectum
827 5201 913 5258 iuxta
931 5201 1033 5258 aedem
1053 5199 1114 5258 divi
1129 5198 1199 5257 Iulii
1214 5198 1252 5257 ob
1268 5207 1390 5275 recepta
