3516 5828
328 441 398 510 108
760 460 1063 510 snutrananrvu
1089 460 1174 511 rou.
1195 461 1223 510 11
1322 439 1325 446 '

324 633 373 691 De
407 634 533 708 singulis
566 653 642 709 quae
675 635 715 691 ibi
750 633 918 709 disputavi,
951 651 1010 690 uon
1043 642 1190 710 repetam3
1224 635 1316 692 verbo
1347 653 1453 694 moneo
1486 637 1661 694 confirmari

326 736 383 804 sic,
406 737 487 810 quod
515 743 603 794 antea
625 755 684 794 non
707 735 780 794 satis
801 736 1048 812 perspiciebatur,
1075 736 1188 794 scribas
1210 738 1400 811 quaestorios
1425 738 1522 797 dictos
1544 739 1662 815 origine

327 838 451 896 summis
480 839 703 914 magistratibus
732 839 920 914 potissimum
947 839 1124 914 apparuisse
1152 839 1184 913 (l.
1211 857 1236 896 c.
1268 841 1294 908 l,
1317 839 1375 898 335
1404 859 1432 896 n.
1449 841 1499 915 4);
1526 841 1661 898 viatores

328 941 374 997 hic
397 959 515 1016 quoque
539 940 687 998 aedilibus
718 959 776 998 non
804 940 899 1015 magis
929 941 1051 998 attribui
1075 959 1164 1016 quam
1186 941 1307 999 lictores
1331 941 1364 1016 (l.
1388 961 1412 999 c.
1439 943 1541 1012 1‚345
1565 963 1595 998 n.
1614 944 1661 1018 l>3

327 1044 425 1100 locum
449 1042 681 1118 dignitatemque
705 1042 840 1100 ordinum
863 1043 969 1099 horum
992 1043 1125 1099 omnium
1145 1043 1256 1118 optime
1279 1044 1407 1120 perspici
1430 1063 1468 1102 ex
1489 1045 1663 1103 mercedum

327 1145 515 1216 diversitatc;
540 1145 666 1220 denique
682 1155 799 1220 praeter
814 1152 901 1203 notas
914 1145 1117 1219 apparitiones
1134 1145 1298 1202 scribarum
1314 1163 1505 1204 accensorum
1521 1148 1664 1205 lictorum

327 1247 474 1304 viatorum
490 1267 668 1324 praeconum
685 1247 732 1304 hic
747 1265 921 1321 comparere
936 1245 1011 1304 alias
1025 1245 1215 1304 librariorum
1238 1247 1271 1320 (l.
1289 1266 1312 1306 c.
1335 1268 1364 1324 p.
1381 1248 1438 1306 331
1461 1268 1490 1306 n.
1507 1250 1548 1324 1),
1573 1251 1665 1306 haru-

329 1350 453 1424 spicum,
477 1349 630 1407 tibicinum
654 1349 687 1424 (l.
704 1369 728 1406 c.
751 1369 780 1424 p.
797 1347 871 1422 351)
894 1366 962 1405 raro
985 1355 1141 1425 praeterea
1158 1359 1337 1408 memoratas
1352 1368 1489 1426 quaeque
1504 1352 1668 1410 videantur

329 1451 503 1508 recentioris
527 1451 651 1529 originis
675 1469 788 1522 omnes,
815 1450 846 1506 id
874 1451 955 1525 quod
981 1450 1048 1508 inde
1075 1451 1204 1508 maxime
1232 1461 1366 1528 apparet,
1388 1453 1468 1529 quod
1489 1454 1520 1510 hi
1542 1455 1668 1530 appari-

330 1561 409 1610 tores
439 1553 547 1629 singuli
576 1571 679 1612 omnes
706 1552 880 1627 procedunt,
908 1571 974 1610 cum
1000 1553 1124 1629 antiqua
1150 1554 1334 1634 consuetudo
1361 1567 1392 1614 et
1417 1556 1614 1634 magistratus
1638 1565 1669 1612 et

330 1659 517 1732 apparitores
546 1656 605 1713 duo
633 1655 774 1732 pluresve
806 1663 837 1711 ut
864 1664 966 1713 essent
997 1655 1161 1730 requireret
1183 1635 1235 1730 ι(ν.
1265 1655 1443 1716 Stactareolt
1470 1655 1513 1727 1²,
1535 1657 1603 1732 33).
1626 1691 1667 1700 -

330 1758 430 1816 Etiam
451 1758 575 1815 militiae
598 1758 714 1815 vacatio
737 1757 941 1832 apparitorum
957 1776 995 1814 ex
1018 1759 1073 1815 hac
1089 1758 1206 1815 demum
1229 1757 1295 1834 lege
1317 1759 1446 1817 innotuit
1467 1759 1500 1834 (l.
1517 1780 1542 1817 c.
1563 1762 1591 1828 1,
1605 1759 1667 1818 388

331 1880 358 1917 n.
377 1860 424 1934 4);
452 1859 508 1918 fuit
530 1867 627 1917 autem
655 1877 691 1916 ea
718 1877 776 1916 non
804 1867 957 1934 perpetua,
986 1869 1018 1916 ut
1044 1859 1216 1935 pontificum
1250 1878 1465 1937 augurumque,
1498 1862 1552 1919 sed
1587 1881 1669 1918 anno

331 1962 529 2037 apparitionis
552 1961 699 2020 conclusa.
737 1959 913 2037 Comparari
936 1968 1045 2037 potest,
1068 1960 1148 2037 quod
1170 1961 1249 2020 bello
1269 1961 1469 2022 Hannibalico
1491 1965 1544 2039 qui
1568 1965 1670 2038 publi·

331 2083 397 2121 cum
420 2063 570 2139 quoddam
592 2063 773 2140 redempturi
795 2073 881 2121 erant
902 2063 1094 2140 postularunt
1116 2070 1145 2119 ct
1167 2063 1371 2134 obtinuerunt,
1401 2075 1433 2122 ut
1453 2066 1556 2124 militia
1580 2085 1670 2124 vaca·

331 2176 402 2236 rent,
425 2167 491 2224 darn
513 2169 542 2222 in
565 2165 728 2241 erepublica
751 2175 843 2223 essent
864 2163 943 2240 (La.
966 2163 1018 2236 23,
1039 2165 1093 2236 49,
1116 2163 1158 2239 8).
1176 2199 1213 2208 -
1239 2165 1285 2224 De
1308 2166 1440 2224 mercede
1461 2167 1670 2243 apparitorum

333 2268 402 2324 anni
430 2268 518 2344 primi
545 2287 620 2343 quac
643 2268 818 2325 ordinantur
840 2287 864 2326 c.
886 2267 995 2326 LXIII
1022 2267 1166 2344 impedita
1195 2277 1265 2324 sunt
1292 2277 1321 2324 et
1346 2279 1501 2346 corrupta;
1529 2270 1672 2328 videntur

332 2379 431 2428 tamen
458 2369 644 2444 aliquatenus
674 2387 764 2446 posse
791 2369 941 2445 expediri,
973 2371 999 2427 si
1027 2386 1179 2426 sumamus
1206 2370 1370 2446 apparitori
1398 2371 1472 2429 nulli
1500 2372 1670 2430 mercedem

333 2491 462 2530 annuam
490 2473 616 2529 solutam
645 2489 726 2542 csse,
753 2472 810 2528 nisi
836 2481 950 2548 partem
973 2481 1110 2546 quartam
1133 2472 1203 2529 anni
1227 2471 1272 2530 sui
1296 2473 1495 2549 apparuisset.
1539 2475 1590 2532 Ab
1613 2475 1671 2532 hac

333 2577 399 2650 lege
421 2575 507 2648 primi
531 2575 600 2632 renni
623 2574 810 2650 apparitores
832 2574 873 2632 ita
888 2573 1026 2631 ridentur
1048 2574 1135 2642 solvi,
1157 2581 1189 2631 ut
1210 2593 1265 2651 pro
1287 2575 1423 2648 portione
1446 2577 1591 2652 temporis
1609 2595 1672 2651 quo

333 2678 527 2754 apparuerint
548 2677 712 2734 mercedem
736 2675 883 2751 accipiant
906 2695 959 2733 nec
982 2679 1081 2734 minus
1105 2683 1190 2750 parte
1212 2685 1329 2751 quarta.

207 2789 251 2836 Ius
267 2787 304 2836 iu·
418 2780 526 2838 Paullo
548 2780 671 2837 maioris
692 2777 834 2837 momenti
857 2786 903 2836 est
921 2777 1128 2836 iusiurandum
1144 2778 1319 2849 scribarum,
1342 2781 1378 2836 de
1393 2798 1453 2855 quo
1470 2787 1577 2838 tractat
1593 2779 1672 2857 legis

203 2869 310 2962 randum
337 2903 362 2940 c.
381 2881 531 2940 LXXXI.
576 2880 778 2939 Coufirnratur
804 2880 872 2938 inde
898 2880 979 2954 quod
1001 2880 1061 2937 alio
1084 2879 1150 2936 loco
1173 2881 1286 2938 ostendi
1316 2882 1510 2956 (Staatsreclrt
1532 2884 1562 2952 1,
1585 2881 1672 2957 332),

188 2952 452 3043 scr¹¹³³¹r¹¹¹¹⁰soribas
479 2995 641 3059 occupatos
670 2983 765 3042 fuisse
793 2982 982 3058 potissimam
1009 2982 1039 3038 in
1069 2982 1234 3040 rationibus
1264 2983 1441 3054 tractandis3
1475 2983 1526 3040 sed
1556 2983 1588 3040 id
1617 3004 1673 3043 eos

338 3087 434 3144 lacere
450 3085 590 3144 debuisse
613 3087 727 3144 iuratos
748 3084 821 3152 alibi
844 3103 903 3142 non
919 3084 1038 3142 memini
1060 3103 1105 3142 me
1128 3085 1245 3162 legisse.
1265 3085 1431 3142 —Forma
1453 3086 1526 3143 iuris
1548 3086 1673 3144 iurandi

337 3186 460 3244 aliunde
487 3188 561 3246 satIs
588 3195 660 3246 uota
688 3196 735 3245 est
761 3187 890 3245 maxime
918 3205 956 3245 ex
984 3186 1049 3262 lege
1078 3185 1210 3244 Bantius
1236 3187 1327 3246 roll
1355 3208 1383 3245 n.
1404 3188 1459 3245 197
1488 3207 1513 3245 ν.
1537 3189 1589 3244 17:
1619 3188 1674 3263 [eis

337 3293 508 3347 consistente
527 3307 583 3364 pro
606 3289 688 3364 aeJde
709 3289 847 3347 Castores
867 3288 969 3365 palam
993 3288 1050 3346 laci
1071 3293 1100 3344 r'n
1116 3292 1215 3363 sarain
1238 3308 1338 3348 corsus
1361 3300 1387 3348 et
1407 3291 1496 3348 eidem
1592 3292 1678 3366 apud

338 3391 541 3468 q(aaestorern)
570 3393 683 3449 iurante
703 3410 758 3466 per
780 3391 872 3448 Iovem
896 3393 1017 3466 deosque
1044 3379 1200 3465 [Penateis]
1225 3433 1315 3448 .....
1341 3403 1602 3468 quaestorque
1627 3411 1676 3452 eos

338 3497 403 3569 quei
425 3511 457 3550 ee
479 3493 506 3549 lt.
524 3493 542 3550 1.
566 3495 647 3568 apud
667 3494 719 3551 aad
738 3497 867 3551 iterarint
881 3494 975 3567 sacr'to
998 3497 1026 3550 in
1050 3493 1168 3550 tobaleis
1184 3492 1338 3569 [popliceis
1350 3493 1533 3568 perscribat}
1567 3493 1677 3552 Iurant

339 3596 455 3653 scribae
478 3594 683 3652 tantummodo
706 3614 759 3671 per
774 3595 874 3653 lovem
898 3596 1030 3671 deosque
1046 3595 1184 3666 Penates,
1208 3603 1239 3652 ut
1255 3595 1390 3653 solebant
1405 3595 1500 3652 libera
1516 3596 1676 3654 etiamtum

339 3718 370 3755 re
393 3697 513 3773 publica
536 3695 728 3772 (Stadtrecltie
750 3715 801 3754 eon
819 3695 965 3772 Salpensa
987 3717 1016 3772 p.
1033 3697 1111 3768 4603
1136 3695 1316 3756 Staatsrecbt
1333 3698 1360 3766 1,
1377 3695 1451 3773 598)
1475 3716 1535 3754 nou
1555 3697 1676 3757 adiecto

340 3799 479 3858 Caesaris
502 3799 599 3874 genio,
627 3818 693 3856 cum
722 3799 916 3876 imperatoria
943 3807 1040 3856 aetate
1068 3799 1106 3855 ad
1128 3799 1231 3856 Iovem
1254 3799 1386 3874 deosque
1408 3799 1538 3858 Penates
1560 3800 1677 3860 addan·

340 3915 388 3960 tur
416 3900 522 3976 genius
552 3900 694 3976 principis
721 3901 772 3975 qui
801 3909 848 3958 est
876 3911 905 3958 et
930 3900 990 3958 divi
1014 3900 1163 3976 principes
1187 3901 1236 3976 qui
1265 3901 1394 3958 fuerunt.
1439 3900 1557 3959 Novum
1582 3923 1676 3961 unum

340 4003 462 4074 accedit,
486 4003 568 4079 quod
589 4003 796 4060 iusiurandum
813 4002 942 4080 adigitur
957 4021 1016 4058 non
1038 4011 1151 4060 tantum
1173 4006 1203 4060 in
1221 4007 1347 4061 contione
1365 4005 1477 4079 patant,
1499 4003 1581 4078 quod
1604 4006 1676 4062 item

194 4111 387 4163 Nundinacest
408 4105 437 4162 in
461 4106 536 4181 legis
553 4103 751 4162 Malacitanae
774 4122 798 4161 c.
823 4103 872 4172 59,
896 4103 948 4161 sed
971 4104 1060 4161 ctiam
1082 4105 1227 4163 nanditris.
1265 4103 1354 4163 Unde
1377 4105 1532 4181 probabile
1554 4114 1603 4163 est
1617 4106 1677 4166 Ur·

342 4225 413 4265 sone
440 4208 517 4265 idem
545 4207 606 4264 sere
629 4206 807 4276 obtinuisse,
834 4206 914 4282 quod
940 4226 1035 4281 nuper
1060 4217 1182 4265 senatus
1212 4207 1380 4266 consultum
1402 4227 1429 4263 a.
1456 4206 1512 4264 138
1539 4207 1576 4265 de
1600 4228 1677 4266 auu·

342 4308 420 4365 dinis
449 4307 542 4366 saltus
571 4308 735 4384 Beguensis
763 4311 792 4364 in
816 4307 920 4365 Africa
948 4307 1050 4382 (huius
1073 4309 1140 4385 eph.
1166 4309 1193 4379 2,
1211 4307 1284 4383 273)
1313 4316 1342 4367 et
1370 4308 1448 4366 tituli
1472 4307 1678 4383 provinciales

343 4408 395 4466 alii
417 4409 448 4483 (l.
471 4429 494 4466 c.
519 4429 547 4485 p.
566 4407 641 4481 9803
669 4409 787 4468 Ballett.
811 4410 877 4467 dett
901 4414 966 4468 inat.
994 4410 1071 4469 1876
1094 4430 1123 4487 p.
1140 4409 1193 4485 80)
1216 4421 1405 4487 aperuerunt,
1436 4409 1551 4468 scilicet
1573 4419 1607 4468 ut
1630 4412 1676 4468 bis

342 4529 550 4588 parmensem
574 4511 660 4570 statis
684 4511 787 4570 diebus
811 4513 959 4570 nundinae
982 4513 1023 4570 ibi
1047 4522 1214 4590 agerentur.

202 4618 335 4681 Serripu-
429 4610 513 4671 Servi
542 4612 651 4688 publici
679 4614 760 4688 quod
787 4613 861 4672 nulli
889 4613 996 4672 dautur
1019 4615 1162 4684 duoviris,
1192 4614 1266 4671 IIII
1278 4614 1391 4691 publici
1413 4633 1474 4672 cnm
1497 4617 1585 4672 cincto
1610 4615 1676 4672 lieno

241 4701 300 4750 91191
345 4714 455 4772 adsunt
476 4716 622 4774 aedilibus
647 4715 686 4791 (c.
708 4713 796 4772 LXII
818 4735 847 4792 p.
865 4715 892 4785 9,
909 4715 972 4791 16),
996 4725 1075 4774 recte
1096 4717 1259 4792 respondet
1280 4716 1425 4774 institutis
1448 4717 1532 4774 urbis
1550 4715 1675 4786 Romae,

345 4817 395 4875 ubi
417 4817 487 4875 item
511 4817 621 4893 publici
644 4819 723 4875 servi
747 4817 894 4877 aedilibus
922 4819 1081 4894 praecipue
1108 4818 1279 4876 ministrant
1305 4817 1502 4892 (Staatsreclzt
1527 4816 1572 4888 1²,
1590 4817 1674 4892 313).

344 4917 411 4976 Nos
441 4919 477 4976 de
504 4919 561 4976 hoc
588 4938 707 4994 quoque
734 4921 800 4978 loco
828 4920 899 4977 alibi
927 4920 1059 4978 diximus
1086 4920 1254 4996 ibidemque
1282 4921 1396 4997 egimus
1423 4920 1459 4978 de
1488 4919 1601 4996 insigni
1624 4938 1674 4995 pu-

346 5020 492 5079 blicorum
516 5021 612 5079 cincto
634 5022 705 5080 limo
728 5021 762 5096 (l.
785 5041 810 5080 c.
835 5019 880 5093 1²,
896 5021 956 5080 310
979 5042 1007 5079 n.
1027 5021 1067 5096 1).
