3516 5828
577 545 897 597 BRl'PANNlCARVM.

116 717 240 794 Optime
262 728 359 776 autem
383 718 460 776 idam
484 717 577 777 Cooto
600 707 724 778 meritus
753 729 798 778 est
819 719 856 776 de
878 719 1125 796 interpretatione
1147 729 1405 777 monumentorum

74 819 252 896 exiguornm
280 839 375 896 neque
404 841 471 879 vere
495 821 741 897 spernendorum.
782 820 907 880 Collatia
930 822 1010 879 enim
1032 821 1254 880 narrationibus
1277 822 1308 878 in
1330 841 1407 879 mar-

71 930 174 999 tyrum
197 923 273 981 actis
296 923 388 998 (Acta
410 925 527 982 sincera
554 925 599 982 ed.
623 924 752 982 Ruinart
779 922 825 981 ed.
848 923 880 980 ΙΙ
903 923 1067 982 Amstclod.
1095 923 1172 981 1713
1202 944 1230 1001 p.
1247 922 1322 999 300)
1346 941 1407 982 ser-

71 1025 161 1093 vatis,
184 1025 277 1082 veluti
299 1026 330 1084 in
353 1026 428 1084 actis
451 1025 661 1084 Maximilliani
684 1046 709 1082 a.
728 1025 798 1096 ⁴295,
821 1026 944 1101 plumba
966 1045 1002 1083 ea
1023 1043 1090 1084 esse
1112 1025 1329 1084 demonstravit
1344 1027 1407 1084 sive

70 1127 243 1202 signacula,
268 1146 345 1203 quae
368 1129 478 1186 milites
502 1147 568 1185 oum
592 1128 629 1186 ad
652 1137 870 1186 sacramentum
894 1128 1088 1206 adigebantur
1110 1127 1296 1202 accipiebant
1318 1139 1407 1204 atque

72 1230 181 1288 deinde
203 1231 362 1304 portabant
384 1231 462 1288 collo
485 1249 642 1306 suspensa,
669 1230 783 1289 scilicet
805 1238 836 1288 ut
852 1249 918 1288 eum
935 1230 1112 1289 sacramenti
1129 1229 1301 1288 testimonio
1317 1231 1406 1288 etiam

72 1315 231 1390 cuiusnam
253 1332 367 1390 numeri
391 1331 452 1390 sint
475 1332 582 1408 sigillis
606 1333 671 1391 istis
694 1332 906 1390 declararetur.
951 1332 1082 1392 Nomina
1103 1332 1194 1408 igitur
1215 1351 1405 1391 numerorum

10 1515 11 1518 Ἴ
72 1434 144 1492 inde
166 1433 229 1492 sere
251 1453 269 1491 a
291 1435 412 1492 saeculo
434 1435 523 1492 tertio
546 1434 642 1492 medio
666 1436 709 1493 eis
732 1435 876 1510 inscripta
898 1435 1036 1493 videntur
1057 1453 1134 1494 esse.
1175 1435 1279 1510 ltaque
1302 1443 1406 1509 optan-

73 1535 144 1593 dum
169 1543 214 1595 est
229 1555 319 1612 qnam
335 1538 475 1606 maxime,
498 1545 530 1594 ut
550 1545 687 1594 accurata
706 1537 837 1594 omnium
860 1537 924 1595 eius
944 1537 1062 1613 generis
1085 1547 1265 1595 tesserarum
1290 1537 1406 1613 sylloge

73 1645 197 1713 paretur
218 1651 248 1697 et
270 1639 375 1696 edatur
397 1659 415 1696 a
437 1640 533 1697 doctis
555 1639 720 1697 Britannis.
766 1639 864 1696 Extra
885 1639 1069 1697 Britanniam
1093 1659 1149 1718 ego
1175 1640 1290 1696 frustra
1311 1639 1407 1697 adhuc

73 1741 187 1799 similia
209 1741 425 1818 circumspexi3
449 1742 500 1817 qui
522 1760 709 1799 nummorum
733 1750 865 1798 veterum
889 1742 1045 1800 thesauros
1069 1751 1190 1800 servant
1211 1761 1249 1799 ex
1272 1741 1407 1818 plumbo·

73 1863 140 1901 rum
167 1861 291 1901 numero
321 1853 421 1920 spreto
448 1844 479 1902 in
507 1831 679 1902 universum
707 1851 737 1902 et
765 1844 795 1902 in
823 1843 934 1902 ultimis
960 1861 1130 1903 museorum
1159 1843 1277 1920 angulis
1305 1843 1405 1902 abdito

72 1945 203 2004 fortasse
226 1945 337 2004 similia
359 1964 496 2021 promere
518 1954 666 2023 poterunt.

73 2155 140 2214 129
162 2155 232 2230 (ins.
256 2165 324 2232 post
345 2177 374 2214 n.
394 2157 498 2232 1269).
544 2157 673 2216 Eboraci
695 2157 725 2216 in
748 2157 960 2216 effossionibus
989 2156 1053 2216 viae
1076 2157 1190 2216 ferreae
1213 2175 1240 2214 a.
1259 2155 1336 2214 1873
1361 2175 1406 2213 re·

116 2268 233 2335 partum
249 2268 296 2317 est
317 2259 447 2336 sigillum
472 2259 653 2336 plumbeum,
676 2260 758 2336 quod
778 2259 939 2318 secundum
963 2259 1081 2316 titulum
1104 2258 1281 2335 inscriptum
1298 2257 1335 2316 ad
1351 2259 1406 2317 mi-

116 2361 199 2420 litem
222 2361 352 2436 aliquem
374 2362 502 2438 legionis
526 2382 621 2421 nonae
643 2363 823 2439 pertinuisse
845 2361 978 2420 credunt.

24 2541 25 2549 ἵ
73 2463 99 2521 Ι.
123 2462 241 2521 Raine
263 2465 418 2540 catalogus
441 2465 535 2523 musei
558 2465 759 2524 Eburacensis
782 2464 827 2522 ed.
853 2463 895 2520 Vl
921 2463 999 2522 1875
1023 2481 1051 2538 p.
1069 2463 1106 2522 97
1119 2483 1146 2521 π.

80 2559 85 2570 ’
115 2565 250 2624 Titulum
273 2584 333 2624 non
357 2567 519 2643 adscripsit
540 2567 650 2637 editor3
678 2567 703 2624 si
726 2576 806 2626 recte
828 2565 922 2624 lectus
946 2575 1000 2634 est,
1028 2565 1146 2623 ridetur
1172 2565 1326 2641 plumbum
1349 2565 1405 2623 hoc

73 2687 141 2728 esse
164 2667 405 2744 antiquissimum
429 2669 494 2727 eins
509 2670 635 2745 generis,
658 2669 740 2728 cuius
756 2668 893 2742 exempla
909 2667 1004 2726 adbuc
1020 2675 1092 2724 nota
1106 2668 1259 2743 composui
1277 2667 1335 2724 vol.
1348 2667 1405 2725 Vll

76 2769 166 2830 1269.

72 2978 140 3040 1³0
164 2979 512 3058 (ins.postn.1294o).
556 2981 589 3038 ln
613 2998 688 3039 ansa
710 2979 836 3057 patellae
859 2998 963 3037 aereae
986 2997 1048 3054 rep.
1072 2978 1101 3036 in
1123 2977 1288 3037 Caledonia
1310 2999 1404 3057 prope

113 3083 263 3160 Αὸονφοῑθ,
285 3083 502 3160 Dcabiplraln're.

634 3273 673 3316 CA
690 3299 817 3316 ......
828 3274 848 3316 V

633 3376 717 3418 svam
730 3389 736 3404 ·
750 3374 810 3418 NVS
834 3376 849 3417 F

115 3587 154 3645 H.
178 3586 212 3644 Ε.
237 3583 353 3644 Smith
374 3586 561 3662 proceediops
588 3587 623 3660 of
645 3583 689 3641 tlte
711 3583 825 3640 historie
852 3601 906 3642 eoo.
931 3585 965 3658 of
982 3581 1166 3642 Lancoalire
1187 3586 1248 3641 aad
1272 3583 1405 3642 Cleahire

73 3709 130 3748 ser.
147 3689 177 3746 11
200 3689 259 3746 rot.
276 3688 293 3745 9
318 3707 346 3762 p.
364 3685 402 3744 25
426 3687 510 3760 (inde
527 3687 574 3744 W.
592 3685 649 3743 Th.
666 3685 701 3741 W
705 3685 806 3742 atkin
830 3686 973 3743 arclaeol.
984 3687 1083 3758 joam.
1108 3688 1157 3758 31,
1177 3687 1254 3744 1874
1277 3706 1306 3762 p.
1320 3686 1404 3761 354).

71 3897 223 3971 tat-(ins.
240 3906 310 3972 post
332 3917 358 3954 n.
379 3893 506 3971 1294α).
552 3895 587 3953 ln
610 3913 685 3953 ansa
708 3895 836 3970 patellae
860 3913 964 3952 aereae
987 3914 1048 3970 rep.
1071 3894 1192 3954 saeculo
1215 3896 1352 3970 proximo
1375 3895 1403 3952 in

114 3999 206 4057 fluuio
228 3999 390 4056 Witham.

671 4151 689 4193 C
705 4165 711 4178 ·
727 4151 807 4192 ARAT

113 4359 332 4436 Philosoplical
346 4363 547 4428 transactione,
561 4358 701 4432 adridped
716 4359 819 4416 edition
836 4357 894 4414 vol.
909 4357 945 4415 18
969 4376 998 4432 p.
1015 4357 1053 4416 39
1074 4357 1155 4433 (inde
1172 4358 1220 4416 W.
1237 4357 1294 4416 Th.
1312 4359 1404 4417 Wat·

72 4462 133 4519 kin
157 4460 300 4520 orcloeol.
317 4462 417 4534 joam.
442 4462 491 4531 31,
517 4459 596 4518 1874
619 4478 647 4534 p.
666 4459 749 4534 354).

71 4670 136 4728 132
160 4671 230 4744 (ins.
255 4681 322 4745 post
344 4690 372 4727 n.
388 4668 492 4744 1298).
536 4669 575 4727 At
594 4667 684 4726 Wood
697 4669 803 4742 Eaton,
831 4669 1029 4744 Orsordslire,
1052 4670 1190 4727 ebroicen
1207 4673 1286 4745 piace
1301 4669 1403 4744 ostlu'o

113 4773 206 4843 nietol,
229 4773 359 4849 atompcd
379 4771 446 4830 witlr
470 4772 514 4829 tlte
538 4771 628 4830 letters

709 4925 771 4968 EDO

113 5121 150 5179 R.
175 5119 321 5195 llnssey
344 5131 461 5179 account
483 5123 518 5195 os
535 5121 580 5178 tle
602 5121 711 5178 Roman
733 5121 808 5178 road
822 5121 901 5193 from
926 5120 1084 5178 Allclreater
1106 5128 1131 5175 to
1154 5117 1327 5174 Dorclaster
1348 5125 1403 5174 eto.

73 5222 208 5294 (Oxlord
229 5223 303 5280 1841
325 5223 368 5297 8.)
384 5243 412 5299 p.
427 5223 465 5280 38
483 5221 620 5296 (inch.
634 5221 841 5280 Tlr.Watkin
858 5221 1106 5294 arrlraeol.jour·n.
1120 5221 1169 5290 31,
1186 5218 1262 5276 1874
1278 5239 1306 5296 p.
1318 5219 1402 5295 357).
