<?xml version="1.0" encoding="UTF-8"?>
<!DOCTYPE html PUBLIC "-//W3C//DTD XHTML 1.0 Transitional//EN"
    "http://www.w3.org/TR/xhtml1/DTD/xhtml1-transitional.dtd">
<html xmlns="http://www.w3.org/1999/xhtml" xml:lang="en" lang="en">
 <head>
  <title>
</title>
<meta http-equiv="Content-Type" content="text/html;charset=utf-8" />
  <meta name='ocr-system' content='tesseract 3.04.00' />
  <meta name='ocr-capabilities' content='ocr_page ocr_carea ocr_par ocr_line ocrx_word'/>
</head>
<body>
  <div class='ocr_page' id='page_1' title='image "./ephemerisepigra02henzgoog_0023.png"; bbox 0 0 3496 5828; ppageno 0'>
   <div class='ocr_carea' id='block_1_1' title="bbox 837 577 1115 627">
    <p class='ocr_par' dir='ltr' id='par_1_1' title="bbox 837 577 1115 627">
     <span class='ocr_line' id='line_1_1' title="bbox 837 577 1115 627; baseline 0.004 -1"><span class='ocrx_word' id='word_1_1' title='bbox 837 577 1115 627; x_wconf 79' lang='lat' dir='ltr'><strong>ADDITAMENTA</strong></span> 
     </span>
    </p>
   </div>
   <div class='ocr_carea' id='block_1_2' title="bbox 241 749 1671 4708">
    <p class='ocr_par' dir='ltr' id='par_1_2' title="bbox 314 749 1653 1342">
     <span class='ocr_line' id='line_1_2' title="bbox 396 749 1652 828; baseline -0.001 -17"><span class='ocrx_word' id='word_1_2' title='bbox 396 753 510 828; x_wconf 84' lang='lat' dir='ltr'><strong>Accepi</strong></span> <span class='ocrx_word' id='word_1_3' title='bbox 538 751 671 810; x_wconf 90' lang='lat' dir='ltr'><strong>tabulam</strong></span> <span class='ocrx_word' id='word_1_4' title='bbox 700 758 837 808; x_wconf 88' lang='lat' dir='ltr'><strong>accurate</strong></span> <span class='ocrx_word' id='word_1_5' title='bbox 867 749 1045 826; x_wconf 81' lang='lat' dir='ltr'><strong>descriptam</strong></span> <span class='ocrx_word' id='word_1_6' title='bbox 1076 750 1257 826; x_wconf 80' lang='lat' dir='ltr'>plumboque</span> <span class='ocrx_word' id='word_1_7' title='bbox 1287 759 1444 827; x_wconf 89' lang='lat' dir='ltr'><strong>praeterea</strong></span> <span class='ocrx_word' id='word_1_8' title='bbox 1471 769 1652 827; x_wconf 84' lang='lat' dir='ltr'><strong>expressam</strong></span> 
     </span>
     <span class='ocr_line' id='line_1_3' title="bbox 315 851 1652 930; baseline -0.002 -15"><span class='ocrx_word' id='word_1_9' title='bbox 315 855 461 916; x_wconf 86' lang='lat' dir='ltr'><strong>beneficio</strong></span> <span class='ocrx_word' id='word_1_10' title='bbox 484 852 657 930; x_wconf 83' lang='lat' dir='ltr'><strong>Wolfgangi</strong></span> <span class='ocrx_word' id='word_1_11' title='bbox 679 851 814 928; x_wconf 88' lang='lat' dir='ltr'><strong>Helbigii</strong></span> <span class='ocrx_word' id='word_1_12' title='bbox 836 854 874 910; x_wconf 93' lang='lat' dir='ltr'><strong>ab</strong></span> <span class='ocrx_word' id='word_1_13' title='bbox 897 852 971 911; x_wconf 88' lang='lat' dir='ltr'><strong>actis</strong></span> <span class='ocrx_word' id='word_1_14' title='bbox 994 852 1122 911; x_wconf 92' lang='lat' dir='ltr'><strong>instituti</strong></span> <span class='ocrx_word' id='word_1_15' title='bbox 1146 853 1251 923; x_wconf 85' lang='lat' dir='ltr'><strong>nostri,</strong></span> <span class='ocrx_word' id='word_1_16' title='bbox 1279 852 1364 910; x_wconf 91' lang='lat' dir='ltr'><strong>cuius</strong></span> <span class='ocrx_word' id='word_1_17' title='bbox 1387 852 1557 912; x_wconf 80' lang='lat' dir='ltr'>indefessae</span> <span class='ocrx_word' id='word_1_18' title='bbox 1579 872 1652 912; x_wconf 92' lang='lat' dir='ltr'><strong>ocu·</strong></span> 
     </span>
     <span class='ocr_line' id='line_1_4' title="bbox 314 955 1651 1034; baseline -0.002 -17"><span class='ocrx_word' id='word_1_19' title='bbox 314 959 452 1034; x_wconf 88' lang='lat' dir='ltr'><strong>lataeque</strong></span> <span class='ocrx_word' id='word_1_20' title='bbox 474 955 640 1015; x_wconf 79' lang='lat' dir='ltr'>industriae</span> <span class='ocrx_word' id='word_1_21' title='bbox 661 964 780 1031; x_wconf 89' lang='lat' dir='ltr'><strong>praeter</strong></span> <span class='ocrx_word' id='word_1_22' title='bbox 803 955 1042 1031; x_wconf 88' lang='lat' dir='ltr'><strong>archaeologiam</strong></span> <span class='ocrx_word' id='word_1_23' title='bbox 1059 963 1203 1031; x_wconf 89' lang='lat' dir='ltr'><strong>quantum</strong></span> <span class='ocrx_word' id='word_1_24' title='bbox 1226 955 1401 1032; x_wconf 89' lang='lat' dir='ltr'><strong>epigraphia</strong></span> <span class='ocrx_word' id='word_1_25' title='bbox 1422 955 1539 1028; x_wconf 88' lang='lat' dir='ltr'><strong>debeat,</strong></span> <span class='ocrx_word' id='word_1_26' title='bbox 1563 964 1651 1034; x_wconf 89' lang='lat' dir='ltr'><strong>grato</strong></span> 
     </span>
     <span class='ocr_line' id='line_1_5' title="bbox 316 1054 1652 1135; baseline -0.002 -17"><span class='ocrx_word' id='word_1_27' title='bbox 316 1061 417 1118; x_wconf 90' lang='lat' dir='ltr'><strong>animo</strong></span> <span class='ocrx_word' id='word_1_28' title='bbox 445 1057 593 1118; x_wconf 88' lang='lat' dir='ltr'><strong>recordor.</strong></span> <span class='ocrx_word' id='word_1_29' title='bbox 637 1054 820 1115; x_wconf 83' lang='lat' dir='ltr'><strong>Litterarum</strong></span> <span class='ocrx_word' id='word_1_30' title='bbox 854 1056 1075 1115; x_wconf 81' lang='lat' dir='ltr'><strong>dimidiatarum</strong></span> <span class='ocrx_word' id='word_1_31' title='bbox 1108 1075 1174 1115; x_wconf 92' lang='lat' dir='ltr'><strong>cum</strong></span> <span class='ocrx_word' id='word_1_32' title='bbox 1204 1057 1285 1115; x_wconf 91' lang='lat' dir='ltr'><strong>iusta</strong></span> <span class='ocrx_word' id='word_1_33' title='bbox 1314 1065 1422 1135; x_wconf 88' lang='lat' dir='ltr'><strong>ectypa</strong></span> <span class='ocrx_word' id='word_1_34' title='bbox 1450 1056 1532 1116; x_wconf 92' lang='lat' dir='ltr'><strong>nullo</strong></span> <span class='ocrx_word' id='word_1_35' title='bbox 1561 1059 1652 1116; x_wconf 94' lang='lat' dir='ltr'><strong>modo</strong></span> 
     </span>
     <span class='ocr_line' id='line_1_6' title="bbox 314 1156 1653 1240; baseline -0.001 -20"><span class='ocrx_word' id='word_1_36' title='bbox 314 1162 417 1240; x_wconf 87' lang='lat' dir='ltr'><strong>perfici</strong></span> <span class='ocrx_word' id='word_1_37' title='bbox 445 1167 581 1238; x_wconf 77' lang='lat' dir='ltr'><strong>possent,</strong></span> <span class='ocrx_word' id='word_1_38' title='bbox 610 1156 822 1218; x_wconf 87' lang='lat' dir='ltr'><strong>Gamurrinius</strong></span> <span class='ocrx_word' id='word_1_39' title='bbox 849 1159 895 1217; x_wconf 88' lang='lat' dir='ltr'><strong>vir</strong></span> <span class='ocrx_word' id='word_1_40' title='bbox 921 1159 1107 1218; x_wconf 88' lang='lat' dir='ltr'><strong>clarissimus</strong></span> <span class='ocrx_word' id='word_1_41' title='bbox 1135 1178 1202 1218; x_wconf 88' lang='lat' dir='ltr'><strong>mea</strong></span> <span class='ocrx_word' id='word_1_42' title='bbox 1229 1177 1322 1218; x_wconf 89' lang='lat' dir='ltr'><strong>causa</strong></span> <span class='ocrx_word' id='word_1_43' title='bbox 1350 1160 1576 1220; x_wconf 88' lang='lat' dir='ltr'><strong>accuratissime</strong></span> <span class='ocrx_word' id='word_1_44' title='bbox 1599 1177 1653 1219; x_wconf 91' lang='lat' dir='ltr'><strong>eas</strong></span> 
     </span>
     <span class='ocr_line' id='line_1_7' title="bbox 316 1265 444 1342; baseline -0.008 -20"><span class='ocrx_word' id='word_1_45' title='bbox 316 1265 444 1342; x_wconf 84' lang='lat' dir='ltr'><strong>excepit.</strong></span> 
     </span>
    </p>

    <p class='ocr_par' dir='ltr' id='par_1_3' title="bbox 242 1363 1658 2139">
     <span class='ocr_line' id='line_1_8' title="bbox 398 1363 1652 1442; baseline 0.002 -19"><span class='ocrx_word' id='word_1_46' title='bbox 398 1365 562 1442; x_wconf 85' lang='lat' dir='ltr'><strong>Exemplar</strong></span> <span class='ocrx_word' id='word_1_47' title='bbox 584 1365 642 1423; x_wconf 91' lang='lat' dir='ltr'><strong>hoc</strong></span> <span class='ocrx_word' id='word_1_48' title='bbox 664 1382 730 1422; x_wconf 90' lang='lat' dir='ltr'><strong>cam</strong></span> <span class='ocrx_word' id='word_1_49' title='bbox 754 1373 842 1422; x_wconf 87' lang='lat' dir='ltr'><strong>autea</strong></span> <span class='ocrx_word' id='word_1_50' title='bbox 867 1363 947 1421; x_wconf 92' lang='lat' dir='ltr'><strong>notis</strong></span> <span class='ocrx_word' id='word_1_51' title='bbox 975 1372 1008 1422; x_wconf 90' lang='lat' dir='ltr'><strong>ut</strong></span> <span class='ocrx_word' id='word_1_52' title='bbox 1029 1370 1107 1422; x_wconf 89' lang='lat' dir='ltr'><strong>recte</strong></span> <span class='ocrx_word' id='word_1_53' title='bbox 1129 1363 1309 1435; x_wconf 86' lang='lat' dir='ltr'><strong>conferatur,</strong></span> <span class='ocrx_word' id='word_1_54' title='bbox 1337 1365 1466 1440; x_wconf 89' lang='lat' dir='ltr'><strong>primum</strong></span> <span class='ocrx_word' id='word_1_55' title='bbox 1489 1364 1652 1426; x_wconf 90' lang='lat' dir='ltr'><strong>videndum</strong></span> 
     </span>
     <span class='ocr_line' id='line_1_9' title="bbox 316 1465 1653 1543; baseline -0.001 -16"><span class='ocrx_word' id='word_1_56' title='bbox 316 1478 372 1540; x_wconf 89' lang='lat' dir='ltr'><strong>est,</strong></span> <span class='ocrx_word' id='word_1_57' title='bbox 396 1468 481 1527; x_wconf 92' lang='lat' dir='ltr'><strong>cuius</strong></span> <span class='ocrx_word' id='word_1_58' title='bbox 503 1467 612 1526; x_wconf 88' lang='lat' dir='ltr'><strong>aetatis</strong></span> <span class='ocrx_word' id='word_1_59' title='bbox 635 1467 687 1537; x_wconf 90' lang='lat' dir='ltr'><strong>sit;</strong></span> <span class='ocrx_word' id='word_1_60' title='bbox 716 1483 784 1523; x_wconf 90' lang='lat' dir='ltr'><strong>esse</strong></span> <span class='ocrx_word' id='word_1_61' title='bbox 811 1473 910 1523; x_wconf 90' lang='lat' dir='ltr'><strong>autem</strong></span> <span class='ocrx_word' id='word_1_62' title='bbox 937 1485 976 1522; x_wconf 89' lang='lat' dir='ltr'><strong>ex</strong></span> <span class='ocrx_word' id='word_1_63' title='bbox 1003 1465 1220 1541; x_wconf 83' lang='lat' dir='ltr'><strong>antiquissimis</strong></span> <span class='ocrx_word' id='word_1_64' title='bbox 1246 1466 1335 1524; x_wconf 90' lang='lat' dir='ltr'><strong>huius</strong></span> <span class='ocrx_word' id='word_1_65' title='bbox 1357 1467 1475 1542; x_wconf 89' lang='lat' dir='ltr'><strong>generis</strong></span> <span class='ocrx_word' id='word_1_66' title='bbox 1498 1485 1575 1543; x_wconf 92' lang='lat' dir='ltr'><strong>quae</strong></span> <span class='ocrx_word' id='word_1_67' title='bbox 1599 1471 1653 1526; x_wconf 89' lang='lat' dir='ltr'><strong>ha·</strong></span> 
     </span>
     <span class='ocr_line' id='line_1_10' title="bbox 316 1566 1655 1645; baseline -0.001 -15"><span class='ocrx_word' id='word_1_68' title='bbox 316 1574 451 1642; x_wconf 89' lang='lat' dir='ltr'><strong>beamus,</strong></span> <span class='ocrx_word' id='word_1_69' title='bbox 475 1569 521 1627; x_wconf 86' lang='lat' dir='ltr'><strong>vel</strong></span> <span class='ocrx_word' id='word_1_70' title='bbox 544 1567 776 1645; x_wconf 80' lang='lat' dir='ltr'><strong>orthographica</strong></span> <span class='ocrx_word' id='word_1_71' title='bbox 798 1566 969 1636; x_wconf 90' lang='lat' dir='ltr'><strong>ostendunt,</strong></span> <span class='ocrx_word' id='word_1_72' title='bbox 993 1568 1068 1625; x_wconf 84' lang='lat' dir='ltr'><strong>laedi</strong></span> <span class='ocrx_word' id='word_1_73' title='bbox 1088 1568 1163 1644; x_wconf 85' lang='lat' dir='ltr'><strong>Apr.</strong></span> <span class='ocrx_word' id='word_1_74' title='bbox 1182 1569 1313 1626; x_wconf 83' lang='lat'>14-19.</span> <span class='ocrx_word' id='word_1_75' title='bbox 1337 1567 1460 1626; x_wconf 78' lang='lat'>28-30</span> <span class='ocrx_word' id='word_1_76' title='bbox 1485 1577 1515 1628; x_wconf 89' lang='lat' dir='ltr'><strong>et</strong></span> <span class='ocrx_word' id='word_1_77' title='bbox 1532 1570 1655 1645; x_wconf 85' lang='lat' dir='ltr'><strong>Veia(a-</strong></span> 
     </span>
     <span class='ocr_line' id='line_1_11' title="bbox 319 1669 1656 1749; baseline 0.001 -19"><span class='ocrx_word' id='word_1_78' title='bbox 319 1671 374 1748; x_wconf 81' lang='lat' dir='ltr'><strong>lio)</strong></span> <span class='ocrx_word' id='word_1_79' title='bbox 398 1674 472 1749; x_wconf 87' lang='lat' dir='ltr'><strong>Apr.</strong></span> <span class='ocrx_word' id='word_1_80' title='bbox 490 1670 538 1729; x_wconf 78' lang='lat'><strong>23.</strong></span> <span class='ocrx_word' id='word_1_81' title='bbox 583 1670 623 1728; x_wconf 87' lang='lat' dir='ltr'><strong>Et</strong></span> <span class='ocrx_word' id='word_1_82' title='bbox 645 1670 829 1747; x_wconf 91' lang='lat' dir='ltr'><strong>publicatum</strong></span> <span class='ocrx_word' id='word_1_83' title='bbox 853 1669 972 1745; x_wconf 90' lang='lat' dir='ltr'><strong>quidem</strong></span> <span class='ocrx_word' id='word_1_84' title='bbox 1000 1687 1067 1728; x_wconf 89' lang='lat' dir='ltr'><strong>esse</strong></span> <span class='ocrx_word' id='word_1_85' title='bbox 1094 1680 1214 1744; x_wconf 92' lang='lat' dir='ltr'><strong>posta.</strong></span> <span class='ocrx_word' id='word_1_86' title='bbox 1238 1669 1297 1727; x_wconf 81' lang='lat'><strong>745</strong></span> <span class='ocrx_word' id='word_1_87' title='bbox 1325 1669 1476 1747; x_wconf 87' lang='lat' dir='ltr'><strong>colligitur</strong></span> <span class='ocrx_word' id='word_1_88' title='bbox 1498 1691 1537 1729; x_wconf 88' lang='lat' dir='ltr'><strong>ex</strong></span> <span class='ocrx_word' id='word_1_89' title='bbox 1559 1672 1656 1732; x_wconf 87' lang='lat' dir='ltr'><strong>adno-</strong></span> 
     </span>
     <span class='ocr_line' id='line_1_12' title="bbox 317 1771 1657 1849; baseline -0.001 -16"><span class='ocrx_word' id='word_1_90' title='bbox 317 1776 429 1834; x_wconf 86' lang='lat' dir='ltr'><strong>tatione</strong></span> <span class='ocrx_word' id='word_1_91' title='bbox 451 1773 488 1831; x_wconf 90' lang='lat' dir='ltr'><strong>ad</strong></span> <span class='ocrx_word' id='word_1_92' title='bbox 510 1773 573 1831; x_wconf 91' lang='lat' dir='ltr'><strong>Ian.</strong></span> <span class='ocrx_word' id='word_1_93' title='bbox 592 1772 645 1844; x_wconf 87' lang='lat'><strong>30;</strong></span> <span class='ocrx_word' id='word_1_94' title='bbox 674 1784 742 1831; x_wconf 90' lang='lat' dir='ltr'><strong>ante</strong></span> <span class='ocrx_word' id='word_1_95' title='bbox 770 1791 856 1848; x_wconf 90' lang='lat' dir='ltr'><strong>quem</strong></span> <span class='ocrx_word' id='word_1_96' title='bbox 885 1790 994 1829; x_wconf 90' lang='lat' dir='ltr'><strong>annum</strong></span> <span class='ocrx_word' id='word_1_97' title='bbox 1024 1771 1169 1849; x_wconf 90' lang='lat' dir='ltr'><strong>scriptum</strong></span> <span class='ocrx_word' id='word_1_98' title='bbox 1198 1772 1238 1831; x_wconf 91' lang='lat' dir='ltr'><strong>sit</strong></span> <span class='ocrx_word' id='word_1_99' title='bbox 1264 1781 1346 1830; x_wconf 90' lang='lat' dir='ltr'><strong>certa</strong></span> <span class='ocrx_word' id='word_1_100' title='bbox 1371 1773 1487 1830; x_wconf 88' lang='lat' dir='ltr'><strong>ratione</strong></span> <span class='ocrx_word' id='word_1_101' title='bbox 1516 1773 1657 1832; x_wconf 90' lang='lat' dir='ltr'><strong>determi-</strong></span> 
     </span>
     <span class='ocr_line' id='line_1_13' title="bbox 318 1873 1657 1952; baseline 0 -17"><span class='ocrx_word' id='word_1_102' title='bbox 318 1877 382 1935; x_wconf 92' lang='lat' dir='ltr'><strong>nari</strong></span> <span class='ocrx_word' id='word_1_103' title='bbox 406 1894 466 1934; x_wconf 90' lang='lat' dir='ltr'><strong>non</strong></span> <span class='ocrx_word' id='word_1_104' title='bbox 488 1883 598 1952; x_wconf 89' lang='lat' dir='ltr'><strong>potest,</strong></span> <span class='ocrx_word' id='word_1_105' title='bbox 627 1893 694 1933; x_wconf 91' lang='lat' dir='ltr'><strong>cum</strong></span> <span class='ocrx_word' id='word_1_106' title='bbox 721 1891 818 1948; x_wconf 90' lang='lat' dir='ltr'><strong>neque</strong></span> <span class='ocrx_word' id='word_1_107' title='bbox 845 1893 883 1931; x_wconf 91' lang='lat' dir='ltr'><strong>ex</strong></span> <span class='ocrx_word' id='word_1_108' title='bbox 910 1873 1030 1931; x_wconf 89' lang='lat' dir='ltr'><strong>silentio</strong></span> <span class='ocrx_word' id='word_1_109' title='bbox 1053 1873 1320 1950; x_wconf 88' lang='lat' dir='ltr'><strong>argumentandum</strong></span> <span class='ocrx_word' id='word_1_110' title='bbox 1351 1874 1507 1950; x_wconf 89' lang='lat' dir='ltr'><strong>sitneque</strong></span> <span class='ocrx_word' id='word_1_111' title='bbox 1530 1894 1566 1934; x_wconf 88' lang='lat' dir='ltr'><strong>ex</strong></span> <span class='ocrx_word' id='word_1_112' title='bbox 1592 1876 1657 1935; x_wconf 91' lang='lat' dir='ltr'><strong>die·</strong></span> 
     </span>
     <span class='ocr_line' id='line_1_14' title="bbox 242 1975 1658 2054; baseline 0.001 -18"><span class='ocrx_word' id='word_1_113' title='bbox 242 1987 247 1996; x_wconf 84' lang='lat'>&#39;</span> <span class='ocrx_word' id='word_1_114' title='bbox 317 1999 384 2038; x_wconf 86' lang='lat' dir='ltr'><strong>rum</strong></span> <span class='ocrx_word' id='word_1_115' title='bbox 411 1978 490 2036; x_wconf 90' lang='lat' dir='ltr'><strong>notis</strong></span> <span class='ocrx_word' id='word_1_116' title='bbox 518 1985 641 2054; x_wconf 88' lang='lat' dir='ltr'><strong>propter</strong></span> <span class='ocrx_word' id='word_1_117' title='bbox 667 1977 814 2034; x_wconf 89' lang='lat' dir='ltr'><strong>rationem</strong></span> <span class='ocrx_word' id='word_1_118' title='bbox 842 1994 943 2034; x_wconf 86' lang='lat' dir='ltr'><strong>earum</strong></span> <span class='ocrx_word' id='word_1_119' title='bbox 974 1975 1005 2032; x_wconf 92' lang='lat' dir='ltr'><strong>in</strong></span> <span class='ocrx_word' id='word_1_120' title='bbox 1038 1976 1096 2034; x_wconf 94' lang='lat' dir='ltr'><strong>hoc</strong></span> <span class='ocrx_word' id='word_1_121' title='bbox 1123 1976 1261 2052; x_wconf 88' lang='lat' dir='ltr'><strong>exemplo</strong></span> <span class='ocrx_word' id='word_1_122' title='bbox 1295 1977 1491 2054; x_wconf 84' lang='lat' dir='ltr'><strong>singularem,</strong></span> <span class='ocrx_word' id='word_1_123' title='bbox 1524 1977 1560 2035; x_wconf 89' lang='lat' dir='ltr'><strong>de</strong></span> <span class='ocrx_word' id='word_1_124' title='bbox 1596 1997 1658 2054; x_wconf 90' lang='lat' dir='ltr'><strong>qua</strong></span> 
     </span>
     <span class='ocr_line' id='line_1_15' title="bbox 320 2079 570 2139; baseline -0.012 0"><span class='ocrx_word' id='word_1_125' title='bbox 320 2084 422 2139; x_wconf 88' lang='lat' dir='ltr'><strong>statim</strong></span> <span class='ocrx_word' id='word_1_126' title='bbox 446 2079 570 2138; x_wconf 90' lang='lat' dir='ltr'><strong>dicetur.</strong></span> 
     </span>
    </p>

    <p class='ocr_par' dir='ltr' id='par_1_4' title="bbox 320 2179 1662 2444">
     <span class='ocr_line' id='line_1_16' title="bbox 402 2179 1662 2258; baseline 0.002 -18"><span class='ocrx_word' id='word_1_127' title='bbox 402 2181 529 2240; x_wconf 90' lang='lat' dir='ltr'><strong>Dierum</strong></span> <span class='ocrx_word' id='word_1_128' title='bbox 551 2189 640 2240; x_wconf 88' lang='lat' dir='ltr'><strong>notae</strong></span> <span class='ocrx_word' id='word_1_129' title='bbox 662 2199 680 2237; x_wconf 90' lang='lat' dir='ltr'><strong>a</strong></span> <span class='ocrx_word' id='word_1_130' title='bbox 701 2179 865 2239; x_wconf 87' lang='lat' dir='ltr'><strong>Maffeiauo</strong></span> <span class='ocrx_word' id='word_1_131' title='bbox 887 2179 957 2237; x_wconf 89' lang='lat' dir='ltr'><strong>huie</strong></span> <span class='ocrx_word' id='word_1_132' title='bbox 979 2198 1017 2238; x_wconf 91' lang='lat' dir='ltr'><strong>ex</strong></span> <span class='ocrx_word' id='word_1_133' title='bbox 1039 2179 1225 2257; x_wconf 85' lang='lat' dir='ltr'><strong>plenioribus</strong></span> <span class='ocrx_word' id='word_1_134' title='bbox 1249 2189 1383 2257; x_wconf 89' lang='lat' dir='ltr'><strong>tempore</strong></span> <span class='ocrx_word' id='word_1_135' title='bbox 1408 2181 1547 2258; x_wconf 85' lang='lat' dir='ltr'><strong>proximo</strong></span> <span class='ocrx_word' id='word_1_136' title='bbox 1570 2183 1662 2242; x_wconf 62' lang='lat' dir='ltr'><strong>dille:</strong></span> 
     </span>
     <span class='ocr_line' id='line_1_17' title="bbox 320 2281 1658 2359; baseline 0.001 -17"><span class='ocrx_word' id='word_1_137' title='bbox 320 2293 390 2342; x_wconf 90' lang='lat' dir='ltr'><strong>runt</strong></span> <span class='ocrx_word' id='word_1_138' title='bbox 411 2289 524 2359; x_wconf 85' lang='lat' dir='ltr'><strong>septem</strong></span> <span class='ocrx_word' id='word_1_139' title='bbox 546 2283 614 2354; x_wconf 88' lang='lat' dir='ltr'><strong>bae,</strong></span> <span class='ocrx_word' id='word_1_140' title='bbox 636 2290 751 2341; x_wconf 91' lang='lat' dir='ltr'><strong>utnon</strong></span> <span class='ocrx_word' id='word_1_141' title='bbox 773 2300 962 2341; x_wconf 88' lang='lat' dir='ltr'><strong>numeremus</strong></span> <span class='ocrx_word' id='word_1_142' title='bbox 984 2281 1049 2340; x_wconf 92' lang='lat' dir='ltr'><strong>Ian.</strong></span> <span class='ocrx_word' id='word_1_143' title='bbox 1069 2282 1116 2354; x_wconf 83' lang='lat'><strong>15,</strong></span> <span class='ocrx_word' id='word_1_144' title='bbox 1140 2282 1189 2340; x_wconf 93' lang='lat' dir='ltr'><strong>ubi</strong></span> <span class='ocrx_word' id='word_1_145' title='bbox 1213 2299 1241 2339; x_wconf 76' lang='lat' dir='ltr'><strong>re</strong></span> <span class='ocrx_word' id='word_1_146' title='bbox 1264 2292 1312 2342; x_wconf 90' lang='lat' dir='ltr'><strong>est</strong></span> <span class='ocrx_word' id='word_1_147' title='bbox 1333 2283 1362 2340; x_wconf 92' lang='lat' dir='ltr'><strong>in</strong></span> <span class='ocrx_word' id='word_1_148' title='bbox 1379 2281 1546 2342; x_wconf 90' lang='lat' dir='ltr'><strong>Caeretano</strong></span> <span class='ocrx_word' id='word_1_149' title='bbox 1569 2295 1602 2343; x_wconf 92' lang='lat' dir='ltr'><strong>ut</strong></span> <span class='ocrx_word' id='word_1_150' title='bbox 1625 2290 1658 2343; x_wconf 89' lang='lat' dir='ltr'><strong>in</strong></span> 
     </span>
     <span class='ocr_line' id='line_1_18' title="bbox 322 2384 900 2444; baseline -0.003 0"><span class='ocrx_word' id='word_1_151' title='bbox 322 2387 390 2444; x_wconf 89' lang='lat' dir='ltr'><strong>aliis</strong></span> <span class='ocrx_word' id='word_1_152' title='bbox 414 2402 486 2443; x_wconf 92' lang='lat' dir='ltr'><strong>casu</strong></span> <span class='ocrx_word' id='word_1_153' title='bbox 508 2384 653 2444; x_wconf 88' lang='lat' dir='ltr'><strong>omissum</strong></span> <span class='ocrx_word' id='word_1_154' title='bbox 675 2385 706 2442; x_wconf 92' lang='lat' dir='ltr'><strong>in</strong></span> <span class='ocrx_word' id='word_1_155' title='bbox 729 2384 900 2444; x_wconf 86' lang='lat' dir='ltr'><strong>Maffeiauo.</strong></span> 
     </span>
    </p>

    <p class='ocr_par' dir='ltr' id='par_1_5' title="bbox 241 2485 1665 3381">
     <span class='ocr_line' id='line_1_19' title="bbox 406 2485 1659 2565; baseline 0.003 -21"><span class='ocrx_word' id='word_1_156' title='bbox 406 2489 432 2544; x_wconf 95' lang='lat' dir='ltr'><strong>l.</strong></span> <span class='ocrx_word' id='word_1_157' title='bbox 475 2487 540 2545; x_wconf 87' lang='lat' dir='ltr'><strong>Ian.</strong></span> <span class='ocrx_word' id='word_1_158' title='bbox 566 2487 604 2545; x_wconf 89' lang='grc'><strong>30</strong></span> <span class='ocrx_word' id='word_1_159' title='bbox 630 2487 678 2546; x_wconf 92' lang='lat' dir='ltr'><strong>hic</strong></span> <span class='ocrx_word' id='word_1_160' title='bbox 694 2485 831 2562; x_wconf 62' lang='lat' dir='ltr'><strong>Martae)</strong></span> <span class='ocrx_word' id='word_1_161' title='bbox 859 2495 914 2559; x_wconf 89' lang='lat' dir='ltr'><strong>est,</strong></span> <span class='ocrx_word' id='word_1_162' title='bbox 941 2495 974 2544; x_wconf 89' lang='lat' dir='ltr'><strong>ut</strong></span> <span class='ocrx_word' id='word_1_163' title='bbox 1000 2485 1078 2543; x_wconf 92' lang='lat' dir='ltr'><strong>diem</strong></span> <span class='ocrx_word' id='word_1_164' title='bbox 1105 2486 1201 2544; x_wconf 85' lang='lat' dir='ltr'><strong>luisse</strong></span> <span class='ocrx_word' id='word_1_165' title='bbox 1227 2485 1297 2544; x_wconf 90' lang='lat' dir='ltr'><strong>inde</strong></span> <span class='ocrx_word' id='word_1_166' title='bbox 1320 2487 1548 2565; x_wconf 84' lang='lat' dir='ltr'><strong>collegeramus,</strong></span> <span class='ocrx_word' id='word_1_167' title='bbox 1571 2491 1659 2565; x_wconf 91' lang='lat' dir='ltr'><strong>quod</strong></span> 
     </span>
     <span class='ocr_line' id='line_1_20' title="bbox 321 2587 1661 2659; baseline 0.003 -12"><span class='ocrx_word' id='word_1_168' title='bbox 321 2601 367 2648; x_wconf 91' lang='lat' dir='ltr'><strong>est</strong></span> <span class='ocrx_word' id='word_1_169' title='bbox 387 2589 465 2647; x_wconf 90' lang='lat' dir='ltr'><strong>inter</strong></span> <span class='ocrx_word' id='word_1_170' title='bbox 486 2589 588 2648; x_wconf 89' lang='lat' dir='ltr'><strong>decem</strong></span> <span class='ocrx_word' id='word_1_171' title='bbox 610 2609 629 2648; x_wconf 88' lang='lat' dir='ltr'><strong>a</strong></span> <span class='ocrx_word' id='word_1_172' title='bbox 650 2587 783 2648; x_wconf 86' lang='lat' dir='ltr'><strong>Caesare</strong></span> <span class='ocrx_word' id='word_1_173' title='bbox 810 2587 848 2646; x_wconf 91' lang='lat' dir='ltr'><strong>ad</strong></span> <span class='ocrx_word' id='word_1_174' title='bbox 877 2607 986 2646; x_wconf 91' lang='lat' dir='ltr'><strong>annum</strong></span> <span class='ocrx_word' id='word_1_175' title='bbox 1009 2587 1126 2646; x_wconf 87' lang='lat' dir='ltr'><strong>additos</strong></span> <span class='ocrx_word' id='word_1_176' title='bbox 1155 2589 1395 2659; x_wconf 80' lang='lat' dir='ltr'><strong>fastosomnes3</strong></span> <span class='ocrx_word' id='word_1_177' title='bbox 1424 2589 1477 2646; x_wconf 91' lang='lat' dir='ltr'><strong>sed</strong></span> <span class='ocrx_word' id='word_1_178' title='bbox 1504 2591 1590 2650; x_wconf 86' lang='lat' dir='ltr'><strong>feriis</strong></span> <span class='ocrx_word' id='word_1_179' title='bbox 1613 2593 1661 2651; x_wconf 92' lang='lat' dir='ltr'><strong>in-</strong></span> 
     </span>
     <span class='ocr_line' id='line_1_21' title="bbox 322 2689 1662 2765; baseline 0.002 -16"><span class='ocrx_word' id='word_1_180' title='bbox 322 2692 435 2750; x_wconf 88' lang='lat' dir='ltr'><strong>stitutis</strong></span> <span class='ocrx_word' id='word_1_181' title='bbox 462 2709 488 2748; x_wconf 91' lang='lat' dir='ltr'><strong>a.</strong></span> <span class='ocrx_word' id='word_1_182' title='bbox 514 2691 573 2750; x_wconf 80' lang='lat'><strong>745</strong></span> <span class='ocrx_word' id='word_1_183' title='bbox 602 2700 673 2749; x_wconf 90' lang='lat' dir='ltr'><strong>nota</strong></span> <span class='ocrx_word' id='word_1_184' title='bbox 700 2690 861 2748; x_wconf 90' lang='lat' dir='ltr'><strong>substituta</strong></span> <span class='ocrx_word' id='word_1_185' title='bbox 882 2699 928 2748; x_wconf 89' lang='lat' dir='ltr'><strong>est</strong></span> <span class='ocrx_word' id='word_1_186' title='bbox 950 2707 989 2761; x_wconf 77' lang='lat' dir='ltr'><strong>re,</strong></span> <span class='ocrx_word' id='word_1_187' title='bbox 1011 2708 1099 2765; x_wconf 88' lang='lat' dir='ltr'><strong>quam</strong></span> <span class='ocrx_word' id='word_1_188' title='bbox 1127 2689 1239 2747; x_wconf 88' lang='lat' dir='ltr'><strong>habent</strong></span> <span class='ocrx_word' id='word_1_189' title='bbox 1261 2699 1290 2748; x_wconf 91' lang='lat' dir='ltr'><strong>et</strong></span> <span class='ocrx_word' id='word_1_190' title='bbox 1311 2690 1463 2749; x_wconf 85' lang='lat' dir='ltr'><strong>Maffeiani</strong></span> <span class='ocrx_word' id='word_1_191' title='bbox 1487 2692 1571 2765; x_wconf 90' lang='lat' dir='ltr'><strong>(licet</strong></span> <span class='ocrx_word' id='word_1_192' title='bbox 1595 2713 1662 2752; x_wconf 92' lang='lat' dir='ltr'><strong>cor—</strong></span> 
     </span>
     <span class='ocr_line' id='line_1_22' title="bbox 321 2789 1662 2869; baseline 0.004 -18"><span class='ocrx_word' id='word_1_193' title='bbox 321 2801 439 2869; x_wconf 89' lang='lat' dir='ltr'><strong>ruptam</strong></span> <span class='ocrx_word' id='word_1_194' title='bbox 467 2793 498 2849; x_wconf 89' lang='lat' dir='ltr'><strong>in</strong></span> <span class='ocrx_word' id='word_1_195' title='bbox 524 2793 561 2868; x_wconf 83' lang='grc' dir='ltr'><strong>Ν)</strong></span> <span class='ocrx_word' id='word_1_196' title='bbox 589 2801 619 2851; x_wconf 91' lang='lat' dir='ltr'><strong>et</strong></span> <span class='ocrx_word' id='word_1_197' title='bbox 646 2791 847 2851; x_wconf 85' lang='lat' dir='ltr'><strong>Praenestini.</strong></span> <span class='ocrx_word' id='word_1_198' title='bbox 891 2789 1051 2850; x_wconf 81' lang='lat' dir='ltr'><strong>Caeretani</strong></span> <span class='ocrx_word' id='word_1_199' title='bbox 1079 2793 1232 2868; x_wconf 90' lang='lat' dir='ltr'><strong>antiquam</strong></span> <span class='ocrx_word' id='word_1_200' title='bbox 1259 2801 1360 2850; x_wconf 88' lang='lat' dir='ltr'><strong>notam</strong></span> <span class='ocrx_word' id='word_1_201' title='bbox 1392 2793 1530 2866; x_wconf 90' lang='lat' dir='ltr'><strong>retinent,</strong></span> <span class='ocrx_word' id='word_1_202' title='bbox 1563 2797 1662 2857; x_wconf 77' lang='lat' dir='ltr'><strong>ferias</strong></span> 
     </span>
     <span class='ocr_line' id='line_1_23' title="bbox 241 2892 1664 2972; baseline 0.002 -18"><span class='ocrx_word' id='word_1_203' title='bbox 241 2961 244 2966; x_wconf 38' lang='grc'>,</span> <span class='ocrx_word' id='word_1_204' title='bbox 322 2907 421 2954; x_wconf 85' lang='lat' dir='ltr'><strong>tarnen</strong></span> <span class='ocrx_word' id='word_1_205' title='bbox 447 2894 633 2965; x_wconf 87' lang='lat' dir='ltr'><strong>adscribunt;</strong></span> <span class='ocrx_word' id='word_1_206' title='bbox 668 2895 748 2971; x_wconf 90' lang='lat' dir='ltr'><strong>quod</strong></span> <span class='ocrx_word' id='word_1_207' title='bbox 775 2913 840 2953; x_wconf 88' lang='lat' dir='ltr'><strong>cum</strong></span> <span class='ocrx_word' id='word_1_208' title='bbox 871 2895 973 2952; x_wconf 88' lang='lat' dir='ltr'><strong>redeat</strong></span> <span class='ocrx_word' id='word_1_209' title='bbox 999 2893 1078 2952; x_wconf 85' lang='lat' dir='ltr'><strong>infra</strong></span> <span class='ocrx_word' id='word_1_210' title='bbox 1104 2892 1191 2952; x_wconf 89' lang='lat' dir='ltr'><strong>Mart.</strong></span> <span class='ocrx_word' id='word_1_211' title='bbox 1216 2893 1253 2950; x_wconf 77' lang='lat' dir='ltr'><strong>tt</strong></span> <span class='ocrx_word' id='word_1_212' title='bbox 1283 2902 1313 2951; x_wconf 87' lang='lat' dir='ltr'><strong>et</strong></span> <span class='ocrx_word' id='word_1_213' title='bbox 1339 2896 1414 2972; x_wconf 84' lang='lat' dir='ltr'><strong>Apr.</strong></span> <span class='ocrx_word' id='word_1_214' title='bbox 1440 2893 1492 2968; x_wconf 77' lang='lat'><strong>28,</strong></span> <span class='ocrx_word' id='word_1_215' title='bbox 1525 2897 1601 2956; x_wconf 82' lang='lat' dir='ltr'><strong>lasti</strong></span> <span class='ocrx_word' id='word_1_216' title='bbox 1628 2899 1664 2958; x_wconf 94' lang='lat' dir='ltr'><strong>hi</strong></span> 
     </span>
     <span class='ocr_line' id='line_1_24' title="bbox 322 2996 1664 3077; baseline 0.002 -20"><span class='ocrx_word' id='word_1_217' title='bbox 322 3004 467 3074; x_wconf 89' lang='lat' dir='ltr'><strong>perpetuo</strong></span> <span class='ocrx_word' id='word_1_218' title='bbox 497 3015 563 3055; x_wconf 90' lang='lat' dir='ltr'><strong>eam</strong></span> <span class='ocrx_word' id='word_1_219' title='bbox 588 2997 685 3073; x_wconf 85' lang='lat' dir='ltr'><strong>legem</strong></span> <span class='ocrx_word' id='word_1_220' title='bbox 708 2997 847 3055; x_wconf 89' lang='lat' dir='ltr'><strong>videntur</strong></span> <span class='ocrx_word' id='word_1_221' title='bbox 868 2997 963 3054; x_wconf 90' lang='lat' dir='ltr'><strong>secuti</strong></span> <span class='ocrx_word' id='word_1_222' title='bbox 985 3013 1061 3069; x_wconf 86' lang='lat' dir='ltr'><strong>esse,</strong></span> <span class='ocrx_word' id='word_1_223' title='bbox 1085 3005 1117 3054; x_wconf 91' lang='lat' dir='ltr'><strong>ut</strong></span> <span class='ocrx_word' id='word_1_224' title='bbox 1139 2997 1279 3072; x_wconf 87' lang='lat' dir='ltr'><strong>antiquae</strong></span> <span class='ocrx_word' id='word_1_225' title='bbox 1305 2996 1419 3055; x_wconf 90' lang='lat' dir='ltr'><strong>dierum</strong></span> <span class='ocrx_word' id='word_1_226' title='bbox 1443 3007 1531 3057; x_wconf 90' lang='lat' dir='ltr'><strong>notae</strong></span> <span class='ocrx_word' id='word_1_227' title='bbox 1553 3019 1664 3077; x_wconf 89' lang='lat' dir='ltr'><strong>quam-</strong></span> 
     </span>
     <span class='ocr_line' id='line_1_25' title="bbox 323 3097 1665 3182; baseline 0.004 -24"><span class='ocrx_word' id='word_1_228' title='bbox 323 3119 412 3178; x_wconf 89' lang='lat' dir='ltr'><strong>quam</strong></span> <span class='ocrx_word' id='word_1_229' title='bbox 440 3108 547 3175; x_wconf 85' lang='lat' dir='ltr'><strong>postea</strong></span> <span class='ocrx_word' id='word_1_230' title='bbox 574 3105 707 3158; x_wconf 89' lang='lat' dir='ltr'><strong>mutatae</strong></span> <span class='ocrx_word' id='word_1_231' title='bbox 733 3098 817 3156; x_wconf 86' lang='lat' dir='ltr'><strong>feriis</strong></span> <span class='ocrx_word' id='word_1_232' title='bbox 847 3097 986 3169; x_wconf 87' lang='lat' dir='ltr'><strong>adiectis,</strong></span> <span class='ocrx_word' id='word_1_233' title='bbox 1014 3097 1208 3182; x_wconf 85' lang='lat' dir='ltr'><strong>nihilominus</strong></span> <span class='ocrx_word' id='word_1_234' title='bbox 1235 3099 1443 3157; x_wconf 87' lang='lat' dir='ltr'><strong>retinerentur.</strong></span> <span class='ocrx_word' id='word_1_235' title='bbox 1494 3100 1605 3178; x_wconf 88' lang='lat' dir='ltr'><strong>Itaque</strong></span> <span class='ocrx_word' id='word_1_236' title='bbox 1636 3107 1665 3164; x_wconf 89' lang='lat' dir='ltr'><strong>si</strong></span> 
     </span>
     <span class='ocr_line' id='line_1_26' title="bbox 324 3199 1665 3280; baseline 0.004 -20"><span class='ocrx_word' id='word_1_237' title='bbox 324 3202 405 3280; x_wconf 93' lang='lat' dir='ltr'><strong>pleni</strong></span> <span class='ocrx_word' id='word_1_238' title='bbox 431 3210 533 3260; x_wconf 85' lang='lat' dir='ltr'><strong>essent</strong></span> <span class='ocrx_word' id='word_1_239' title='bbox 555 3199 625 3259; x_wconf 80' lang='lat' dir='ltr'><strong>fasti</strong></span> <span class='ocrx_word' id='word_1_240' title='bbox 647 3201 687 3271; x_wconf 91' lang='lat' dir='ltr'><strong>hi,</strong></span> <span class='ocrx_word' id='word_1_241' title='bbox 718 3219 756 3258; x_wconf 85' lang='lat' dir='ltr'><strong>ex</strong></span> <span class='ocrx_word' id='word_1_242' title='bbox 778 3200 883 3258; x_wconf 91' lang='lat' dir='ltr'><strong>diebus</strong></span> <span class='ocrx_word' id='word_1_243' title='bbox 906 3200 1073 3270; x_wconf 92' lang='lat' dir='ltr'><strong>duodecim,</strong></span> <span class='ocrx_word' id='word_1_244' title='bbox 1100 3218 1226 3276; x_wconf 86' lang='lat' dir='ltr'><strong>quorum</strong></span> <span class='ocrx_word' id='word_1_245' title='bbox 1250 3201 1378 3278; x_wconf 90' lang='lat' dir='ltr'><strong>pristina</strong></span> <span class='ocrx_word' id='word_1_246' title='bbox 1400 3202 1536 3262; x_wconf 90' lang='lat' dir='ltr'><strong>condicio</strong></span> <span class='ocrx_word' id='word_1_247' title='bbox 1560 3205 1665 3266; x_wconf 89' lang='lat' dir='ltr'><strong>adhuc</strong></span> 
     </span>
     <span class='ocr_line' id='line_1_27' title="bbox 324 3301 1451 3381; baseline 0 -19"><span class='ocrx_word' id='word_1_248' title='bbox 324 3304 517 3381; x_wconf 81' lang='lat' dir='ltr'><strong>ignorabatur</strong></span> <span class='ocrx_word' id='word_1_249' title='bbox 539 3301 582 3379; x_wconf 91' lang='lat' dir='ltr'><strong>(p.</strong></span> <span class='ocrx_word' id='word_1_250' title='bbox 599 3301 684 3378; x_wconf 83' lang='lat'><strong>366),</strong></span> <span class='ocrx_word' id='word_1_251' title='bbox 707 3321 767 3360; x_wconf 89' lang='lat' dir='ltr'><strong>non</strong></span> <span class='ocrx_word' id='word_1_252' title='bbox 790 3303 865 3361; x_wconf 91' lang='lat' dir='ltr'><strong>duos</strong></span> <span class='ocrx_word' id='word_1_253' title='bbox 888 3311 1003 3361; x_wconf 90' lang='lat' dir='ltr'><strong>tantum</strong></span> <span class='ocrx_word' id='word_1_254' title='bbox 1025 3303 1240 3379; x_wconf 84' lang='lat' dir='ltr'><strong>explevissent,</strong></span> <span class='ocrx_word' id='word_1_255' title='bbox 1263 3303 1316 3362; x_wconf 87' lang='lat' dir='ltr'><strong>sed</strong></span> <span class='ocrx_word' id='word_1_256' title='bbox 1338 3322 1451 3362; x_wconf 90' lang='lat' dir='ltr'><strong>omnes.</strong></span> 
     </span>
    </p>

    <p class='ocr_par' dir='ltr' id='par_1_6' title="bbox 323 3403 1670 4095">
     <span class='ocr_line' id='line_1_28' title="bbox 409 3403 1664 3478; baseline 0.006 -16"><span class='ocrx_word' id='word_1_257' title='bbox 409 3403 436 3464; x_wconf 81' lang='lat'><strong>2.</strong></span> <span class='ocrx_word' id='word_1_258' title='bbox 481 3403 570 3462; x_wconf 89' lang='lat' dir='ltr'><strong>Febr.</strong></span> <span class='ocrx_word' id='word_1_259' title='bbox 588 3403 623 3462; x_wconf 81' lang='lat'><strong>21</strong></span> <span class='ocrx_word' id='word_1_260' title='bbox 650 3404 803 3463; x_wconf 88' lang='lat' dir='ltr'><strong>Feraliam</strong></span> <span class='ocrx_word' id='word_1_261' title='bbox 826 3404 891 3464; x_wconf 90' lang='lat' dir='ltr'><strong>dies</strong></span> <span class='ocrx_word' id='word_1_262' title='bbox 914 3405 963 3463; x_wconf 90' lang='lat' dir='ltr'><strong>hic</strong></span> <span class='ocrx_word' id='word_1_263' title='bbox 985 3413 1106 3462; x_wconf 89' lang='lat' dir='ltr'><strong>notatur</strong></span> <span class='ocrx_word' id='word_1_264' title='bbox 1129 3421 1160 3462; x_wconf 80' lang='lat' dir='ltr'><strong>s·</strong></span> <span class='ocrx_word' id='word_1_265' title='bbox 1179 3421 1210 3478; x_wconf 84' lang='lat' dir='ltr'><strong>e,</strong></span> <span class='ocrx_word' id='word_1_266' title='bbox 1233 3424 1298 3463; x_wconf 86' lang='lat' dir='ltr'><strong>curn</strong></span> <span class='ocrx_word' id='word_1_267' title='bbox 1322 3423 1342 3463; x_wconf 83' lang='grc' dir='ltr'><strong>Ν</strong></span> <span class='ocrx_word' id='word_1_268' title='bbox 1367 3406 1407 3465; x_wconf 90' lang='lat' dir='ltr'><strong>sit</strong></span> <span class='ocrx_word' id='word_1_269' title='bbox 1427 3407 1459 3465; x_wconf 90' lang='lat' dir='ltr'><strong>in</strong></span> <span class='ocrx_word' id='word_1_270' title='bbox 1485 3407 1664 3468; x_wconf 87' lang='lat' dir='ltr'><strong>Maffeiano.</strong></span> 
     </span>
     <span class='ocr_line' id='line_1_29' title="bbox 323 3505 1665 3585; baseline 0.002 -17"><span class='ocrx_word' id='word_1_271' title='bbox 323 3509 383 3568; x_wconf 87' lang='lat' dir='ltr'><strong>Illa</strong></span> <span class='ocrx_word' id='word_1_272' title='bbox 404 3517 476 3566; x_wconf 89' lang='lat' dir='ltr'><strong>nota</strong></span> <span class='ocrx_word' id='word_1_273' title='bbox 497 3523 562 3564; x_wconf 70' lang='grc' dir='ltr'>Μ</span> <span class='ocrx_word' id='word_1_274' title='bbox 585 3507 655 3566; x_wconf 91' lang='lat' dir='ltr'><strong>item</strong></span> <span class='ocrx_word' id='word_1_275' title='bbox 683 3505 836 3584; x_wconf 87' lang='lat' dir='ltr'><strong>adscripta</strong></span> <span class='ocrx_word' id='word_1_276' title='bbox 861 3514 906 3565; x_wconf 89' lang='lat' dir='ltr'><strong>est</strong></span> <span class='ocrx_word' id='word_1_277' title='bbox 931 3506 964 3565; x_wconf 92' lang='lat' dir='ltr'><strong>in</strong></span> <span class='ocrx_word' id='word_1_278' title='bbox 993 3507 1078 3565; x_wconf 84' lang='lat' dir='ltr'><strong>lastis</strong></span> <span class='ocrx_word' id='word_1_279' title='bbox 1103 3507 1152 3566; x_wconf 84' lang='lat' dir='ltr'><strong>his</strong></span> <span class='ocrx_word' id='word_1_280' title='bbox 1176 3507 1213 3564; x_wconf 92' lang='lat' dir='ltr'><strong>ad</strong></span> <span class='ocrx_word' id='word_1_281' title='bbox 1239 3508 1317 3566; x_wconf 92' lang='lat' dir='ltr'><strong>diem</strong></span> <span class='ocrx_word' id='word_1_282' title='bbox 1339 3508 1492 3567; x_wconf 88' lang='lat' dir='ltr'><strong>Vinalium</strong></span> <span class='ocrx_word' id='word_1_283' title='bbox 1515 3511 1592 3584; x_wconf 86' lang='lat' dir='ltr'><strong>Apr.</strong></span> <span class='ocrx_word' id='word_1_284' title='bbox 1612 3510 1665 3585; x_wconf 76' lang='lat'><strong>23,</strong></span> 
     </span>
     <span class='ocr_line' id='line_1_30' title="bbox 325 3597 1667 3688; baseline 0.003 -19"><span class='ocrx_word' id='word_1_285' title='bbox 325 3611 376 3688; x_wconf 91' lang='lat' dir='ltr'><strong>qui</strong></span> <span class='ocrx_word' id='word_1_286' title='bbox 403 3615 433 3669; x_wconf 93' lang='lat' dir='ltr'><strong>in</strong></span> <span class='ocrx_word' id='word_1_287' title='bbox 456 3609 626 3667; x_wconf 85' lang='lat' dir='ltr'><strong>Maffeianis</strong></span> <span class='ocrx_word' id='word_1_288' title='bbox 655 3615 757 3667; x_wconf 91' lang='lat' dir='ltr'><strong>notam</strong></span> <span class='ocrx_word' id='word_1_289' title='bbox 785 3609 874 3668; x_wconf 89' lang='lat' dir='ltr'><strong>habet</strong></span> <span class='ocrx_word' id='word_1_290' title='bbox 894 3625 935 3680; x_wconf 72' lang='lat' dir='ltr'><strong>re,</strong></span> <span class='ocrx_word' id='word_1_291' title='bbox 957 3609 988 3666; x_wconf 91' lang='lat' dir='ltr'><strong>iu</strong></span> <span class='ocrx_word' id='word_1_292' title='bbox 1011 3597 1217 3668; x_wconf 80' lang='lat' dir='ltr'><strong>Praenestinis</strong></span> <span class='ocrx_word' id='word_1_293' title='bbox 1241 3626 1266 3668; x_wconf 78' lang='lat' dir='ltr'><strong>s.</strong></span> <span class='ocrx_word' id='word_1_294' title='bbox 1311 3610 1449 3686; x_wconf 90' lang='lat' dir='ltr'><strong>Denique</strong></span> <span class='ocrx_word' id='word_1_295' title='bbox 1472 3609 1597 3671; x_wconf 89' lang='lat' dir='ltr'><strong>Vinalia</strong></span> <span class='ocrx_word' id='word_1_296' title='bbox 1619 3615 1667 3673; x_wconf 88' lang='lat' dir='ltr'><strong>al-</strong></span> 
     </span>
     <span class='ocr_line' id='line_1_31' title="bbox 325 3711 1668 3789; baseline 0.002 -17"><span class='ocrx_word' id='word_1_297' title='bbox 325 3722 391 3772; x_wconf 89' lang='lat' dir='ltr'><strong>tera</strong></span> <span class='ocrx_word' id='word_1_298' title='bbox 412 3713 491 3787; x_wconf 84' lang='lat' dir='ltr'><strong>Aug.</strong></span> <span class='ocrx_word' id='word_1_299' title='bbox 517 3712 553 3770; x_wconf 87' lang='grc'><strong>19</strong></span> <span class='ocrx_word' id='word_1_300' title='bbox 577 3712 608 3768; x_wconf 91' lang='lat' dir='ltr'><strong>in</strong></span> <span class='ocrx_word' id='word_1_301' title='bbox 630 3711 800 3768; x_wconf 80' lang='lat' dir='ltr'><strong>Matieianis</strong></span> <span class='ocrx_word' id='word_1_302' title='bbox 844 3711 1102 3787; x_wconf 87' lang='lat' dir='ltr'><strong>Amiterninisque</strong></span> <span class='ocrx_word' id='word_1_303' title='bbox 1124 3719 1265 3770; x_wconf 90' lang='lat' dir='ltr'><strong>notantur</strong></span> <span class='ocrx_word' id='word_1_304' title='bbox 1288 3727 1367 3783; x_wconf 69' lang='grc' dir='ltr'><strong>Μ,</strong></span> <span class='ocrx_word' id='word_1_305' title='bbox 1389 3713 1420 3770; x_wconf 91' lang='lat' dir='ltr'><strong>in</strong></span> <span class='ocrx_word' id='word_1_306' title='bbox 1444 3714 1613 3774; x_wconf 85' lang='lat' dir='ltr'><strong>Antiatinis</strong></span> <span class='ocrx_word' id='word_1_307' title='bbox 1639 3733 1668 3789; x_wconf 80' lang='lat' dir='ltr'><strong>s,</strong></span> 
     </span>
     <span class='ocr_line' id='line_1_32' title="bbox 326 3811 1668 3892; baseline 0.003 -19"><span class='ocrx_word' id='word_1_308' title='bbox 326 3817 357 3874; x_wconf 89' lang='lat' dir='ltr'><strong>iu</strong></span> <span class='ocrx_word' id='word_1_309' title='bbox 383 3813 578 3872; x_wconf 83' lang='lat' dir='ltr'><strong>Veliensibus</strong></span> <span class='ocrx_word' id='word_1_310' title='bbox 603 3828 641 3871; x_wconf 68' lang='lat' dir='ltr'><strong>te.</strong></span> <span class='ocrx_word' id='word_1_311' title='bbox 685 3811 775 3886; x_wconf 84' lang='lat' dir='ltr'><strong>Quod</strong></span> <span class='ocrx_word' id='word_1_312' title='bbox 798 3811 869 3871; x_wconf 91' lang='lat' dir='ltr'><strong>olim</strong></span> <span class='ocrx_word' id='word_1_313' title='bbox 893 3813 929 3871; x_wconf 92' lang='lat' dir='ltr'><strong>de</strong></span> <span class='ocrx_word' id='word_1_314' title='bbox 956 3831 991 3871; x_wconf 90' lang='lat' dir='ltr'><strong>ea</strong></span> <span class='ocrx_word' id='word_1_315' title='bbox 1017 3821 1089 3872; x_wconf 92' lang='lat' dir='ltr'><strong>nota</strong></span> <span class='ocrx_word' id='word_1_316' title='bbox 1112 3813 1174 3872; x_wconf 86' lang='lat' dir='ltr'><strong>dixi</strong></span> <span class='ocrx_word' id='word_1_317' title='bbox 1198 3813 1300 3888; x_wconf 80' lang='lat' dir='ltr'><strong>(roll</strong></span> <span class='ocrx_word' id='word_1_318' title='bbox 1321 3834 1350 3892; x_wconf 91' lang='lat' dir='ltr'><strong>p.</strong></span> <span class='ocrx_word' id='word_1_319' title='bbox 1369 3813 1442 3889; x_wconf 84' lang='grc'>367)</span> <span class='ocrx_word' id='word_1_320' title='bbox 1465 3815 1668 3891; x_wconf 88' lang='lat' dir='ltr'><strong>significatio-</strong></span> 
     </span>
     <span class='ocr_line' id='line_1_33' title="bbox 326 3914 1670 3991; baseline 0.004 -17"><span class='ocrx_word' id='word_1_321' title='bbox 326 3937 393 3975; x_wconf 91' lang='lat' dir='ltr'><strong>nem</strong></span> <span class='ocrx_word' id='word_1_322' title='bbox 417 3915 560 3974; x_wconf 89' lang='lat' dir='ltr'><strong>iucertam</strong></span> <span class='ocrx_word' id='word_1_323' title='bbox 587 3932 663 3985; x_wconf 88' lang='lat' dir='ltr'><strong>esse,</strong></span> <span class='ocrx_word' id='word_1_324' title='bbox 692 3914 787 3973; x_wconf 87' lang='lat' dir='ltr'><strong>videri</strong></span> <span class='ocrx_word' id='word_1_325' title='bbox 813 3923 911 3972; x_wconf 91' lang='lat' dir='ltr'><strong>autem</strong></span> <span class='ocrx_word' id='word_1_326' title='bbox 939 3915 1087 3991; x_wconf 90' lang='lat' dir='ltr'><strong>pertinere</strong></span> <span class='ocrx_word' id='word_1_327' title='bbox 1115 3915 1152 3972; x_wconf 91' lang='lat' dir='ltr'><strong>ad</strong></span> <span class='ocrx_word' id='word_1_328' title='bbox 1181 3917 1418 3974; x_wconf 87' lang='lat' dir='ltr'><strong>coniunctionem</strong></span> <span class='ocrx_word' id='word_1_329' title='bbox 1447 3917 1506 3976; x_wconf 92' lang='lat' dir='ltr'><strong>diei</strong></span> <span class='ocrx_word' id='word_1_330' title='bbox 1532 3918 1607 3978; x_wconf 85' lang='lat' dir='ltr'><strong>fasti</strong></span> <span class='ocrx_word' id='word_1_331' title='bbox 1637 3929 1670 3980; x_wconf 90' lang='lat' dir='ltr'><strong>et</strong></span> 
     </span>
     <span class='ocr_line' id='line_1_34' title="bbox 326 4016 1347 4095; baseline 0 -19"><span class='ocrx_word' id='word_1_332' title='bbox 326 4019 469 4076; x_wconf 84' lang='lat' dir='ltr'><strong>seriarum</strong></span> <span class='ocrx_word' id='word_1_333' title='bbox 492 4017 636 4088; x_wconf 88' lang='lat' dir='ltr'><strong>laetitiae,</strong></span> <span class='ocrx_word' id='word_1_334' title='bbox 660 4017 686 4074; x_wconf 89' lang='lat' dir='ltr'><strong>ei</strong></span> <span class='ocrx_word' id='word_1_335' title='bbox 709 4016 789 4092; x_wconf 91' lang='lat' dir='ltr'><strong>quod</strong></span> <span class='ocrx_word' id='word_1_336' title='bbox 811 4016 918 4074; x_wconf 87' lang='lat' dir='ltr'><strong>addam</strong></span> <span class='ocrx_word' id='word_1_337' title='bbox 941 4035 978 4075; x_wconf 90' lang='lat' dir='ltr'><strong>ne</strong></span> <span class='ocrx_word' id='word_1_338' title='bbox 1002 4037 1079 4077; x_wconf 89' lang='lat' dir='ltr'><strong>nunc</strong></span> <span class='ocrx_word' id='word_1_339' title='bbox 1100 4019 1218 4095; x_wconf 87' lang='lat' dir='ltr'><strong>quidem</strong></span> <span class='ocrx_word' id='word_1_340' title='bbox 1241 4019 1347 4077; x_wconf 91' lang='lat' dir='ltr'><strong>habeo.</strong></span> 
     </span>
    </p>

    <p class='ocr_par' dir='ltr' id='par_1_7' title="bbox 328 4116 1669 4298">
     <span class='ocr_line' id='line_1_35' title="bbox 411 4116 1669 4194; baseline 0.006 -16"><span class='ocrx_word' id='word_1_341' title='bbox 411 4122 439 4178; x_wconf 89' lang='lat'><strong>3.</strong></span> <span class='ocrx_word' id='word_1_342' title='bbox 484 4118 572 4178; x_wconf 89' lang='lat' dir='ltr'><strong>Mart.</strong></span> <span class='ocrx_word' id='word_1_343' title='bbox 598 4119 635 4177; x_wconf 90' lang='lat'><strong>19</strong></span> <span class='ocrx_word' id='word_1_344' title='bbox 665 4116 906 4194; x_wconf 81' lang='lat' dir='ltr'><strong>Quinquatruum</strong></span> <span class='ocrx_word' id='word_1_345' title='bbox 938 4119 1002 4178; x_wconf 90' lang='lat' dir='ltr'><strong>dies</strong></span> <span class='ocrx_word' id='word_1_346' title='bbox 1035 4120 1083 4178; x_wconf 91' lang='lat' dir='ltr'><strong>hic</strong></span> <span class='ocrx_word' id='word_1_347' title='bbox 1117 4129 1237 4178; x_wconf 90' lang='lat' dir='ltr'><strong>notatur</strong></span> <span class='ocrx_word' id='word_1_348' title='bbox 1260 4136 1299 4192; x_wconf 70' lang='lat' dir='ltr'><strong>rr,</strong></span> <span class='ocrx_word' id='word_1_349' title='bbox 1329 4131 1361 4178; x_wconf 89' lang='lat' dir='ltr'><strong>ut</strong></span> <span class='ocrx_word' id='word_1_350' title='bbox 1388 4129 1435 4180; x_wconf 86' lang='lat' dir='ltr'><strong>cst</strong></span> <span class='ocrx_word' id='word_1_351' title='bbox 1459 4121 1489 4179; x_wconf 92' lang='lat' dir='ltr'><strong>in</strong></span> <span class='ocrx_word' id='word_1_352' title='bbox 1512 4120 1669 4184; x_wconf 82' lang='lat' dir='ltr'><strong>Vaticano</strong></span> 
     </span>
     <span class='ocr_line' id='line_1_36' title="bbox 328 4219 1251 4298; baseline -0.001 -18"><span class='ocrx_word' id='word_1_353' title='bbox 328 4223 362 4298; x_wconf 78' lang='lat' dir='ltr'><strong>(a</strong></span> <span class='ocrx_word' id='word_1_354' title='bbox 388 4221 527 4296; x_wconf 89' lang='lat' dir='ltr'><strong>Praen.);</strong></span> <span class='ocrx_word' id='word_1_355' title='bbox 550 4238 571 4278; x_wconf 82' lang='grc' dir='ltr'><strong>Ν</strong></span> <span class='ocrx_word' id='word_1_356' title='bbox 594 4229 641 4278; x_wconf 91' lang='lat' dir='ltr'><strong>est</strong></span> <span class='ocrx_word' id='word_1_357' title='bbox 663 4221 692 4278; x_wconf 89' lang='lat' dir='ltr'><strong>in</strong></span> <span class='ocrx_word' id='word_1_358' title='bbox 714 4219 885 4292; x_wconf 86' lang='lat' dir='ltr'><strong>Maffeiano,</strong></span> <span class='ocrx_word' id='word_1_359' title='bbox 909 4240 990 4279; x_wconf 89' lang='lat' dir='ltr'><strong>mero</strong></span> <span class='ocrx_word' id='word_1_360' title='bbox 1013 4240 1113 4281; x_wconf 89' lang='lat' dir='ltr'><strong>errore</strong></span> <span class='ocrx_word' id='word_1_361' title='bbox 1135 4223 1251 4298; x_wconf 89' lang='lat' dir='ltr'><strong>opinor.</strong></span> 
     </span>
    </p>

    <p class='ocr_par' dir='ltr' id='par_1_8' title="bbox 328 4321 1671 4708">
     <span class='ocr_line' id='line_1_37' title="bbox 411 4321 1671 4405; baseline 0.006 -23"><span class='ocrx_word' id='word_1_362' title='bbox 411 4326 440 4382; x_wconf 82' lang='lat'><strong>4.</strong></span> <span class='ocrx_word' id='word_1_363' title='bbox 484 4323 571 4380; x_wconf 89' lang='lat' dir='ltr'><strong>Mart.</strong></span> <span class='ocrx_word' id='word_1_364' title='bbox 589 4321 627 4380; x_wconf 79' lang='lat'><strong>27</strong></span> <span class='ocrx_word' id='word_1_365' title='bbox 651 4323 803 4399; x_wconf 88' lang='lat' dir='ltr'><strong>antiquam</strong></span> <span class='ocrx_word' id='word_1_366' title='bbox 823 4331 925 4383; x_wconf 91' lang='lat' dir='ltr'><strong>notam</strong></span> <span class='ocrx_word' id='word_1_367' title='bbox 948 4341 964 4382; x_wconf 76' lang='lat' dir='ltr'><strong>s·</strong></span> <span class='ocrx_word' id='word_1_368' title='bbox 986 4344 1064 4384; x_wconf 90' lang='lat' dir='ltr'><strong>nunc</strong></span> <span class='ocrx_word' id='word_1_369' title='bbox 1080 4325 1198 4383; x_wconf 88' lang='lat' dir='ltr'><strong>demum</strong></span> <span class='ocrx_word' id='word_1_370' title='bbox 1220 4325 1478 4400; x_wconf 90' lang='lat' dir='ltr'><strong>recuperavimus;</strong></span> <span class='ocrx_word' id='word_1_371' title='bbox 1501 4347 1573 4386; x_wconf 90' lang='lat' dir='ltr'><strong>nam</strong></span> <span class='ocrx_word' id='word_1_372' title='bbox 1589 4348 1671 4405; x_wconf 89' lang='lat' dir='ltr'><strong>quae</strong></span> 
     </span>
     <span class='ocr_line' id='line_1_38' title="bbox 328 4425 1671 4502; baseline 0.005 -19"><span class='ocrx_word' id='word_1_373' title='bbox 328 4435 375 4483; x_wconf 89' lang='lat' dir='ltr'><strong>est</strong></span> <span class='ocrx_word' id='word_1_374' title='bbox 396 4425 426 4482; x_wconf 92' lang='lat' dir='ltr'><strong>in</strong></span> <span class='ocrx_word' id='word_1_375' title='bbox 447 4425 618 4484; x_wconf 85' lang='lat' dir='ltr'><strong>Maffeianis</strong></span> <span class='ocrx_word' id='word_1_376' title='bbox 640 4441 680 4496; x_wconf 74' lang='lat' dir='ltr'><strong>re,</strong></span> <span class='ocrx_word' id='word_1_377' title='bbox 709 4445 774 4485; x_wconf 87' lang='lat' dir='ltr'><strong>eam</strong></span> <span class='ocrx_word' id='word_1_378' title='bbox 797 4435 879 4502; x_wconf 87' lang='lat' dir='ltr'><strong>patet</strong></span> <span class='ocrx_word' id='word_1_379' title='bbox 900 4426 1081 4486; x_wconf 87' lang='lat' dir='ltr'><strong>descendere</strong></span> <span class='ocrx_word' id='word_1_380' title='bbox 1104 4447 1141 4486; x_wconf 89' lang='lat' dir='ltr'><strong>ex</strong></span> <span class='ocrx_word' id='word_1_381' title='bbox 1168 4427 1250 4485; x_wconf 87' lang='lat' dir='ltr'><strong>feriis</strong></span> <span class='ocrx_word' id='word_1_382' title='bbox 1273 4427 1466 4486; x_wconf 86' lang='lat' dir='ltr'><strong>Alexandrea</strong></span> <span class='ocrx_word' id='word_1_383' title='bbox 1487 4447 1507 4484; x_wconf 89' lang='lat' dir='ltr'><strong>a</strong></span> <span class='ocrx_word' id='word_1_384' title='bbox 1530 4428 1671 4490; x_wconf 85' lang='lat' dir='ltr'><strong>Caesare</strong></span> 
     </span>
     <span class='ocr_line' id='line_1_39' title="bbox 330 4527 1671 4605; baseline 0.005 -19"><span class='ocrx_word' id='word_1_385' title='bbox 330 4527 476 4586; x_wconf 89' lang='lat' dir='ltr'><strong>dictatore</strong></span> <span class='ocrx_word' id='word_1_386' title='bbox 497 4537 619 4603; x_wconf 87' lang='lat' dir='ltr'><strong>recepta</strong></span> <span class='ocrx_word' id='word_1_387' title='bbox 639 4528 785 4587; x_wconf 87' lang='lat' dir='ltr'><strong>institutis</strong></span> <span class='ocrx_word' id='word_1_388' title='bbox 807 4547 834 4586; x_wconf 94' lang='lat' dir='ltr'><strong>a.</strong></span> <span class='ocrx_word' id='word_1_389' title='bbox 853 4529 922 4586; x_wconf 81' lang='lat'><strong>707.</strong></span> <span class='ocrx_word' id='word_1_390' title='bbox 966 4529 1147 4605; x_wconf 88' lang='lat' dir='ltr'><strong>Adscriptae</strong></span> <span class='ocrx_word' id='word_1_391' title='bbox 1170 4536 1268 4588; x_wconf 89' lang='lat' dir='ltr'><strong>autem</strong></span> <span class='ocrx_word' id='word_1_392' title='bbox 1291 4538 1362 4588; x_wconf 91' lang='lat' dir='ltr'><strong>sunt</strong></span> <span class='ocrx_word' id='word_1_393' title='bbox 1382 4530 1414 4588; x_wconf 90' lang='lat' dir='ltr'><strong>in</strong></span> <span class='ocrx_word' id='word_1_394' title='bbox 1435 4530 1523 4590; x_wconf 83' lang='lat' dir='ltr'><strong>fastis</strong></span> <span class='ocrx_word' id='word_1_395' title='bbox 1544 4531 1596 4592; x_wconf 87' lang='lat' dir='ltr'><strong>his</strong></span> <span class='ocrx_word' id='word_1_396' title='bbox 1620 4535 1671 4593; x_wconf 89' lang='lat' dir='ltr'><strong>hic</strong></span> 
     </span>
     <span class='ocr_line' id='line_1_40' title="bbox 330 4625 1434 4708; baseline 0.005 -21"><span class='ocrx_word' id='word_1_397' title='bbox 330 4647 449 4705; x_wconf 91' lang='lat' dir='ltr'><strong>quoque</strong></span> <span class='ocrx_word' id='word_1_398' title='bbox 470 4629 562 4688; x_wconf 84' lang='lat' dir='ltr'><strong>leriae</strong></span> <span class='ocrx_word' id='word_1_399' title='bbox 584 4647 678 4688; x_wconf 87' lang='lat' dir='ltr'><strong>novae</strong></span> <span class='ocrx_word' id='word_1_400' title='bbox 699 4640 814 4689; x_wconf 89' lang='lat' dir='ltr'><strong>retenta</strong></span> <span class='ocrx_word' id='word_1_401' title='bbox 835 4638 908 4689; x_wconf 88' lang='lat' dir='ltr'><strong>nota</strong></span> <span class='ocrx_word' id='word_1_402' title='bbox 929 4632 988 4689; x_wconf 88' lang='lat' dir='ltr'><strong>disi</strong></span> <span class='ocrx_word' id='word_1_403' title='bbox 1011 4633 1133 4708; x_wconf 86' lang='lat' dir='ltr'><strong>antiqua</strong></span> <span class='ocrx_word' id='word_1_404' title='bbox 1155 4625 1197 4707; x_wconf 72' lang='grc' dir='ltr'><strong>(ν’.</strong></span> <span class='ocrx_word' id='word_1_405' title='bbox 1222 4632 1259 4689; x_wconf 89' lang='lat' dir='ltr'><strong>ad</strong></span> <span class='ocrx_word' id='word_1_406' title='bbox 1281 4631 1345 4689; x_wconf 88' lang='lat' dir='ltr'><strong>Ian.</strong></span> <span class='ocrx_word' id='word_1_407' title='bbox 1370 4633 1434 4708; x_wconf 87' lang='lat'><strong>30).</strong></span> 
     </span>
    </p>
   </div>
   <div class='ocr_carea' id='block_1_3' title="bbox 332 4731 1671 4892">
    <p class='ocr_par' dir='ltr' id='par_1_9' title="bbox 332 4731 1671 4892">
     <span class='ocr_line' id='line_1_41' title="bbox 415 4731 1671 4811; baseline 0.009 -24"><span class='ocrx_word' id='word_1_408' title='bbox 415 4731 442 4788; x_wconf 84' lang='lat'><strong>5.</strong></span> <span class='ocrx_word' id='word_1_409' title='bbox 487 4733 562 4808; x_wconf 91' lang='lat' dir='ltr'><strong>Apr.</strong></span> <span class='ocrx_word' id='word_1_410' title='bbox 589 4731 625 4790; x_wconf 89' lang='lat'><strong>19</strong></span> <span class='ocrx_word' id='word_1_411' title='bbox 649 4732 712 4791; x_wconf 89' lang='lat' dir='ltr'><strong>dies</strong></span> <span class='ocrx_word' id='word_1_412' title='bbox 735 4731 897 4792; x_wconf 87' lang='lat' dir='ltr'><strong>Cerialium</strong></span> <span class='ocrx_word' id='word_1_413' title='bbox 921 4749 942 4788; x_wconf 83' lang='grc' dir='ltr'><strong>Ν</strong></span> <span class='ocrx_word' id='word_1_414' title='bbox 965 4743 1084 4793; x_wconf 89' lang='lat' dir='ltr'><strong>notatus</strong></span> <span class='ocrx_word' id='word_1_415' title='bbox 1110 4753 1211 4793; x_wconf 86' lang='lat' dir='ltr'><strong>errore</strong></span> <span class='ocrx_word' id='word_1_416' title='bbox 1234 4735 1341 4811; x_wconf 90' lang='lat' dir='ltr'><strong>opinor</strong></span> <span class='ocrx_word' id='word_1_417' title='bbox 1369 4735 1401 4793; x_wconf 90' lang='lat' dir='ltr'><strong>in</strong></span> <span class='ocrx_word' id='word_1_418' title='bbox 1423 4734 1597 4797; x_wconf 87' lang='lat' dir='ltr'><strong>Maffeianis</strong></span> <span class='ocrx_word' id='word_1_419' title='bbox 1620 4739 1671 4798; x_wconf 94' lang='lat' dir='ltr'><strong>hic</strong></span> 
     </span>
     <span class='ocr_line' id='line_1_42' title="bbox 332 4840 438 4892; baseline -0.019 0"><span class='ocrx_word' id='word_1_420' title='bbox 332 4840 378 4892; x_wconf 91' lang='lat' dir='ltr'><strong>est</strong></span> <span class='ocrx_word' id='word_1_421' title='bbox 401 4848 438 4890; x_wconf 69' lang='lat' dir='ltr'><strong>re.</strong></span> 
     </span>
    </p>
   </div>
   <div class='ocr_carea' id='block_1_4' title="bbox 333 4933 1672 5321">
    <p class='ocr_par' dir='ltr' id='par_1_10' title="bbox 415 4933 1145 5013">
     <span class='ocr_line' id='line_1_43' title="bbox 415 4933 1145 5013; baseline 0.004 -21"><span class='ocrx_word' id='word_1_422' title='bbox 415 4934 444 4992; x_wconf 90' lang='lat'><strong>6.</strong></span> <span class='ocrx_word' id='word_1_423' title='bbox 488 4934 563 5010; x_wconf 87' lang='lat' dir='ltr'><strong>Apr.</strong></span> <span class='ocrx_word' id='word_1_424' title='bbox 588 4933 625 4992; x_wconf 77' lang='lat'><strong>23</strong></span> <span class='ocrx_word' id='word_1_425' title='bbox 650 4935 717 4994; x_wconf 79' lang='lat' dir='ltr'><strong>uide</strong></span> <span class='ocrx_word' id='word_1_426' title='bbox 738 4955 814 5013; x_wconf 86' lang='lat' dir='ltr'><strong>quae</strong></span> <span class='ocrx_word' id='word_1_427' title='bbox 838 4937 901 4994; x_wconf 86' lang='lat' dir='ltr'><strong>dixi</strong></span> <span class='ocrx_word' id='word_1_428' title='bbox 925 4937 962 4994; x_wconf 89' lang='lat' dir='ltr'><strong>ad</strong></span> <span class='ocrx_word' id='word_1_429' title='bbox 987 4937 1071 4995; x_wconf 82' lang='lat' dir='ltr'><strong>Febr.</strong></span> <span class='ocrx_word' id='word_1_430' title='bbox 1097 4937 1145 4995; x_wconf 78' lang='lat'><strong>21.</strong></span> 
     </span>
    </p>

    <p class='ocr_par' dir='ltr' id='par_1_11' title="bbox 333 5036 1672 5321">
     <span class='ocr_line' id='line_1_44' title="bbox 416 5036 1672 5119; baseline 0.008 -26"><span class='ocrx_word' id='word_1_431' title='bbox 416 5037 444 5094; x_wconf 83' lang='lat'><strong>7.</strong></span> <span class='ocrx_word' id='word_1_432' title='bbox 488 5039 564 5113; x_wconf 89' lang='lat' dir='ltr'><strong>Apr.</strong></span> <span class='ocrx_word' id='word_1_433' title='bbox 589 5036 627 5097; x_wconf 76' lang='lat'><strong>28</strong></span> <span class='ocrx_word' id='word_1_434' title='bbox 651 5039 774 5114; x_wconf 89' lang='lat' dir='ltr'><strong>antiqua</strong></span> <span class='ocrx_word' id='word_1_435' title='bbox 788 5049 860 5097; x_wconf 89' lang='lat' dir='ltr'><strong>nota</strong></span> <span class='ocrx_word' id='word_1_436' title='bbox 874 5057 889 5097; x_wconf 88' lang='lat' dir='ltr'><strong>c</strong></span> <span class='ocrx_word' id='word_1_437' title='bbox 905 5041 954 5096; x_wconf 91' lang='lat' dir='ltr'><strong>hic</strong></span> <span class='ocrx_word' id='word_1_438' title='bbox 973 5039 1115 5098; x_wconf 87' lang='lat' dir='ltr'><strong>remansit</strong></span> <span class='ocrx_word' id='word_1_439' title='bbox 1130 5059 1168 5097; x_wconf 89' lang='lat' dir='ltr'><strong>ex</strong></span> <span class='ocrx_word' id='word_1_440' title='bbox 1184 5041 1307 5117; x_wconf 87' lang='lat' dir='ltr'><strong>reliquis</strong></span> <span class='ocrx_word' id='word_1_441' title='bbox 1322 5039 1410 5098; x_wconf 88' lang='lat' dir='ltr'><strong>fastis</strong></span> <span class='ocrx_word' id='word_1_442' title='bbox 1428 5041 1526 5114; x_wconf 78' lang='lat' dir='ltr'><strong>(Maii.</strong></span> <span class='ocrx_word' id='word_1_443' title='bbox 1541 5041 1672 5119; x_wconf 89' lang='lat' dir='ltr'><strong>Praen.)</strong></span> 
     </span>
     <span class='ocr_line' id='line_1_45' title="bbox 334 5131 1672 5217; baseline 0.006 -21"><span class='ocrx_word' id='word_1_444' title='bbox 334 5138 462 5216; x_wconf 90' lang='lat' dir='ltr'><strong>expulsa</strong></span> <span class='ocrx_word' id='word_1_445' title='bbox 483 5148 606 5216; x_wconf 90' lang='lat' dir='ltr'><strong>propter</strong></span> <span class='ocrx_word' id='word_1_446' title='bbox 627 5139 717 5197; x_wconf 86' lang='lat' dir='ltr'><strong>ferias</strong></span> <span class='ocrx_word' id='word_1_447' title='bbox 739 5159 765 5198; x_wconf 91' lang='lat' dir='ltr'><strong>a.</strong></span> <span class='ocrx_word' id='word_1_448' title='bbox 790 5140 848 5198; x_wconf 79' lang='lat'><strong>742</strong></span> <span class='ocrx_word' id='word_1_449' title='bbox 871 5131 1024 5198; x_wconf 85' lang='lat' dir='ltr'><strong>institutas</strong></span> <span class='ocrx_word' id='word_1_450' title='bbox 1048 5143 1134 5217; x_wconf 85' lang='lat' dir='ltr'><strong>signo</strong></span> <span class='ocrx_word' id='word_1_451' title='bbox 1151 5141 1263 5201; x_wconf 86' lang='lat' dir='ltr'><strong>Vestae</strong></span> <span class='ocrx_word' id='word_1_452' title='bbox 1286 5143 1315 5199; x_wconf 87' lang='lat' dir='ltr'><strong>in</strong></span> <span class='ocrx_word' id='word_1_453' title='bbox 1339 5143 1428 5200; x_wconf 92' lang='lat' dir='ltr'><strong>domo</strong></span> <span class='ocrx_word' id='word_1_454' title='bbox 1450 5141 1597 5203; x_wconf 88' lang='lat' dir='ltr'><strong>Caesaris</strong></span> <span class='ocrx_word' id='word_1_455' title='bbox 1622 5147 1672 5204; x_wconf 89' lang='lat' dir='ltr'><strong>de-</strong></span> 
     </span>
     <span class='ocr_line' id='line_1_46' title="bbox 333 5239 1407 5321; baseline 0.005 -24"><span class='ocrx_word' id='word_1_456' title='bbox 333 5240 441 5300; x_wconf 89' lang='lat' dir='ltr'><strong>dicato.</strong></span> <span class='ocrx_word' id='word_1_457' title='bbox 486 5241 526 5299; x_wconf 87' lang='lat' dir='ltr'><strong>Et</strong></span> <span class='ocrx_word' id='word_1_458' title='bbox 548 5260 600 5300; x_wconf 90' lang='lat' dir='ltr'><strong>eae</strong></span> <span class='ocrx_word' id='word_1_459' title='bbox 623 5250 721 5300; x_wconf 87' lang='lat' dir='ltr'><strong>tamen</strong></span> <span class='ocrx_word' id='word_1_460' title='bbox 743 5239 834 5301; x_wconf 83' lang='lat' dir='ltr'><strong>leriae</strong></span> <span class='ocrx_word' id='word_1_461' title='bbox 856 5243 886 5300; x_wconf 90' lang='lat' dir='ltr'><strong>iu</strong></span> <span class='ocrx_word' id='word_1_462' title='bbox 908 5244 990 5302; x_wconf 86' lang='lat' dir='ltr'><strong>hisce</strong></span> <span class='ocrx_word' id='word_1_463' title='bbox 1013 5243 1100 5302; x_wconf 86' lang='lat' dir='ltr'><strong>fastis</strong></span> <span class='ocrx_word' id='word_1_464' title='bbox 1122 5245 1306 5321; x_wconf 88' lang='lat' dir='ltr'><strong>perscriptae</strong></span> <span class='ocrx_word' id='word_1_465' title='bbox 1328 5253 1407 5303; x_wconf 89' lang='lat' dir='ltr'><strong>suut.</strong></span> 
     </span>
    </p>
   </div>
   <div class='ocr_carea' id='block_1_5' title="bbox 0 0 1777 5828">
    <p class='ocr_par' dir='ltr' id='par_1_12' title="bbox 0 0 1777 5828">
     <span class='ocr_line' id='line_1_47' title="bbox 0 0 1777 5828; baseline 0 0"><span class='ocrx_word' id='word_1_466' title='bbox 0 0 1777 5828; x_wconf 95' lang='lat' dir='ltr'><strong> </strong></span> 
     </span>
    </p>
   </div>
  </div>
 </body>
</html>
