3488 5828
405 531 453 580 oe
479 530 707 582 ascanium-'s
736 532 1025 584 AVGVSTALIBVS.
1303 514 1374 584 227

42 730 134 787 quam
169 710 276 767 mirum
310 708 439 766 fortasse
466 705 625 774 videbitur,
659 705 722 762 fieri
749 715 848 765 tamen
882 717 960 764 certe
987 705 1128 784 potuit1).
1179 704 1378 766 Confirmatur

41 823 141 870 autem
164 813 238 869 haec
259 810 448 868 ratiocinatio
470 828 506 866 ea
528 828 559 865 rc
582 809 662 883 quod
685 827 711 865 a.
739 809 795 866 186
820 807 853 866 Ο.
874 809 999 866 Matium
1023 806 1172 867 Sullinum
1196 828 1211 865 e
1234 809 1377 868 saliorum

40 915 170 992 collegio
191 913 304 971 exiisse
326 913 356 969 in
379 911 465 968 fastis
487 911 629 986 legimus;
653 929 741 986 quem
760 908 906 970 Sullinum
929 910 1077 968 flaminem
1096 911 1244 969 Iulianum
1267 913 1377 969 factum

43 1035 114 1076 esse
136 1016 243 1074 titulus
260 1013 461 1074 Gemonensis
484 1031 576 1088 supra
598 1032 626 1087 p.
644 1011 703 1068 225
727 1013 839 1071 relatus
862 1015 958 1071 docet.
1003 1013 1193 1089 Quamquam
1211 1015 1316 1072 mirum
1334 1024 1378 1071 est

40 1121 72 1177 in
100 1119 188 1177 fastis
215 1117 334 1194 collegii
363 1117 401 1174 ad
430 1117 520 1174 verba
546 1119 575 1172 ia
598 1115 689 1172 locum
714 1115 744 1174 0.
767 1113 855 1174 Multi
877 1115 988 1174 Saltim·
1016 1135 1075 1174 non
1103 1117 1286 1192 adscriptum
1310 1133 1378 1174 esse

43 1220 224 1280 vocabulum
241 1221 380 1295 flaminia.

129 1323 193 1380 lam
217 1321 452 1380 demonstratum
475 1337 543 1378 esse
566 1329 638 1394 puto
653 1319 767 1378 Romae
785 1322 919 1379 flamines
942 1321 1078 1380 divorum
1101 1339 1160 1379 non
1183 1340 1200 1378 e
1222 1320 1376 1379 sodalibus

42 1443 112 1483 esse
143 1423 266 1494 electos,
297 1422 349 1480 sed
379 1422 517 1499 proprios
548 1441 584 1479 ac
614 1422 780 1497 singulares
809 1424 903 1481 fuisse
932 1425 1112 1482 sacerdotes.
1163 1422 1281 1496 Quodsi
1308 1424 1376 1499 quis

42 1527 222 1605 cogitaverit
249 1525 339 1583 talem
370 1525 463 1582 fuisso
491 1523 663 1582 flaminibus
691 1525 827 1583 divorum
857 1545 922 1583 cum
953 1527 1107 1584 sodalibus
1138 1525 1376 1584 coniunctionem

42 1629 163 1706 qualem
192 1647 258 1686 cum
285 1627 477 1704 pontificibus
500 1625 583 1683 Diali
605 1626 736 1684 Martiali
759 1626 908 1700 Quirinali
934 1627 1106 1686 flaminibus
1133 1629 1227 1686 fuisse
1255 1629 1376 1698 scimus,

42 1731 95 1806 qui
122 1749 304 1806 quamquam
327 1748 422 1806 neque
444 1748 483 1786 ex
505 1728 698 1804 pontificibus
721 1728 906 1806 eligebantur
931 1749 1029 1806 neque
1049 1730 1206 1806 pontifices
1229 1730 1376 1788 vocaban-

40 1841 101 1904 tur,
132 1833 265 1891 attributi
295 1839 394 1889 tamen
424 1831 525 1907 aliquo
554 1831 643 1889 modo
672 1821 865 1906 pontificibus
896 1841 985 1908 atque
1013 1833 1088 1891 adeo
1115 1833 1193 1891 inter
1219 1832 1376 1909 pontifices

43 1932 178 2010 erant²):
207 1955 244 1994 ne
266 1935 323 1992 boc
345 1933 464 2008 quidem
486 1933 607 2008 probari
635 1940 743 2009 potest.
789 1930 865 1992 Sunt
887 1934 965 1992 enim
987 1935 1121 1992 flamines
1143 1934 1277 1993 divorum
1300 1952 1376 2010 quos

42 2055 111 2094 cum
136 2036 220 2094 nulla
241 2036 400 2095 sodalitate
422 2035 485 2094 ullo
507 2037 597 2094 modo
619 2036 794 2095 coniunctos
817 2037 912 2094 fuisse
935 2045 1046 2095 certum
1070 2037 1119 2107 sit,
1141 2036 1202 2094 divi
1224 2037 1293 2094 Iulii
1315 2037 1376 2093 divi

41 2139 165 2198 Nervae
192 2138 251 2196 divi
279 2138 419 2208 Traiani3
447 2146 476 2195 et
502 2147 582 2196 certe
609 2139 687 2213 quod
715 2139 751 2196 de
773 2137 892 2197 Nervae
915 2149 944 2196 et
967 2138 1091 2196 Traiani
1113 2139 1282 2198 flaminibus
1305 2157 1376 2196 con-

42 2251 114 2310 stat,
142 2241 221 2299 idem
245 2240 323 2298 valet
350 2240 387 2298 de
414 2241 546 2298 omnium
574 2241 710 2299 dirorum
733 2241 913 2299 flaminibus.
958 2241 1030 2300 Alia
1054 2259 1173 2317 quoque
1195 2259 1227 2298 re
1249 2241 1303 2298 illa
1324 2241 1377 2298 fla·

41 2345 157 2401 minum
190 2361 256 2402 eum
291 2341 446 2401 sodalibus
479 2343 649 2401 coniunctio
682 2344 839 2402 refellitur:
875 2344 952 2401 sicut
982 2343 1060 2402 enim
1090 2343 1225 2402 flamines
1255 2342 1375 2400 Dialem

41 2445 214 2503 Martialem
237 2443 423 2517 Quirinalem
447 2463 464 2502 a
486 2446 633 2522 magistro
661 2445 777 2521 collegii
800 2445 984 2521 pontificum,
1011 2445 1183 2521 pontificem
1212 2445 1375 2503 maximum

42 2548 121 2618 dico,
144 2556 261 2606 creatos
285 2547 349 2604 sive
372 2558 471 2622 coptos
493 2564 559 2605 esse
581 2547 743 2622 constat³)‚
766 2548 809 2605 ita
830 2548 965 2606 divorum
988 2565 1106 2622 quoque
1129 2547 1264 2604 flamines
1286 2567 1304 2603 a
1327 2565 1376 2604 so·

41 2650 155 2707 dalium
179 2650 323 2726 magistro
346 2659 450 2725 captos
474 2667 542 2708 esse
565 2650 652 2708 nobis
674 2658 756 2708 esset
777 2650 978 2721 statuendum3
1011 2648 1090 2724 quod
1113 2649 1177 2705 fieri
1199 2666 1258 2704 non
1281 2648 1376 2723 potuit

42 2770 110 2810 cum
138 2751 260 2810 sodales
283 2751 468 2827 Augustales
495 2761 573 2810 certe
600 2771 658 2810 uon
685 2771 777 2810 unum
804 2753 857 2810 sed
884 2759 945 2810 tres
973 2751 1134 2826 magistros
1155 2750 1302 2808 baberent
1323 2749 1375 2824 (cf.

40 2873 69 2930 p.
88 2853 173 2928 209).
217 2854 260 2911 At
281 2855 345 2911 veri
368 2853 496 2912 similius
520 2855 636 2912 videtur
657 2853 793 2912 divorum
814 2855 948 2912 flamines
970 2853 1074 2912 eadem
1096 2853 1211 2911 ratione
1232 2870 1294 2928 qua
1314 2861 1374 2909 tres

41 2957 181 3014 flamines
209 2957 337 3014 maiores
368 2975 434 3014 cum
463 2956 635 3033 pontificum
666 2955 794 3032 collegio
823 2955 919 3015 fuisse
945 2954 1148 3030 coniunctos4)
1179 2963 1268 3030 atque
1290 2955 1373 3030 ipsos

43 3077 164 3135 qnoque
187 3078 205 3116 a
226 3059 365 3136 pontifice
389 3059 530 3132 maximo,
553 3059 583 3115 id
606 3065 652 3117 est
674 3058 711 3116 ab
733 3058 924 3135 imperatore,
947 3075 1015 3117 esse
1038 3057 1188 3135 captosl).

126 3160 234 3218 Restat
256 3172 288 3220 ut
309 3161 428 3237 singula
449 3179 524 3236 quac
547 3161 584 3218 de
607 3161 742 3219 divorum
765 3161 980 3236 imperatorum
1002 3160 1151 3219 flamoniis
1175 3158 1285 3218 tradita
1306 3167 1376 3217 sunt

39 3283 77 3322 ex
102 3262 208 3320 ordine
231 3283 375 3321 enarrem.
422 3261 559 3320 Dictator
578 3261 692 3322 Caesar
714 3263 800 3322 vivus
824 3263 881 3320 sibi
903 3264 969 3340 ipse
985 3263 1025 3322 M.
1041 3263 1208 3322 Antonium
1224 3261 1374 3320 flaminem

38 3364 156 3424 creavit
176 3363 218 3440 (a.
235 3364 309 3440 710)
319 3363 356 3440 ⁶).
400 3364 563 3424 Interfecto
586 3364 717 3425 Caesare
743 3385 810 3423 cum
836 3365 968 3423 nondum
993 3367 1187 3443 inauguratus
1211 3372 1292 3424 esset
1312 3365 1374 3422 An-

38 3533 248 3542 ...ά-*-

122 3655 145 3718 ¹)
184 3657 287 3707 Pestem
306 3657 352 3706 illo
372 3664 487 3722 tempore
506 3657 545 3706 rel
566 3657 679 3707 maxime
698 3663 855 3721 grassantem
875 3658 902 3707 in
923 3671 1001 3708 causa
1019 3658 1097 3708 fuisse
1116 3657 1249 3722 probabile
1268 3662 1314 3705 est.

121 3745 147 3810 ²)
185 3748 543 3814 Marquarut4‚192.269.

120 3837 145 3900 ²¹)
183 3841 328 3892 Mommsen
349 3837 509 3892 Staatereeltt
528 3845 553 3904 2,
570 3841 612 3890 23.
650 3841 804 3908 Marqnardt
823 3843 848 3903 4,
865 3844 926 3892 244.

120 3930 145 3991 ⁴)
184 3931 346 3998 Quamquam
366 3949 413 3998 pro
433 3939 503 3984 certo
521 3935 571 3984 hoc
590 3951 642 3984 non
661 3935 857 3996 affirmaverim
883 3933 984 3984 obstare
1009 3934 1077 3983 enim
1097 3931 1217 3982 videntur
1236 3931 1302 3982 tituli
1322 3932 1373 3980 Ve-

36 4024 161 4074 ronensis
181 4039 258 4088 supra
277 4043 302 4090 p.
317 4026 369 4076 225
390 4028 463 4076 relati
477 4027 569 4077 rerba:
581 4025 719 4093 flaminis)
732 4026 913 4092 Auq(ustalis),
929 4063 935 4076 .
951 4062 957 4075 .
973 4025 1161 4092 .pontr's(icia);
1181 4025 1292 4074 maiores
1306 4030 1373 4074 certe

38 4115 169 4175 flamines,
196 4131 254 4167 cum
278 4119 331 4168 iam
357 4133 388 4168 eo
413 4119 517 4169 nomina
541 4121 609 4169 inter
633 4119 767 4184 pontifices
787 4121 845 4180 sint,
871 4119 1006 4184 pontifices
1026 4119 1113 4168 vocari
1132 4133 1183 4168 non
1203 4124 1311 4182 possunt
1330 4115 1373 4175 (cf.

37 4207 125 4258 Bardi
147 4206 187 4258 dfe
206 4207 319 4260 Prieater
339 4209 384 4261 der
402 4211 457 4261 ofer
475 4227 578 4277 procrea
602 4210 729 4278 Colleqt'ea
748 4228 773 4277 p.
789 4212 842 4273 38).
880 4212 1001 4262 Fortasse
1024 4211 1102 4275 igitar
1125 4212 1178 4260 iam
1203 4215 1374 4274 exaugustus

39 4307 100 4350 erat
120 4300 213 4350 flamen
233 4303 277 4351 ille
296 4304 455 4368 Augustalis,
477 4319 534 4354 cum
553 4305 672 4370 pontifex
691 4305 774 4354 factus
794 4311 839 4354 est.

122 4389 146 4453 ⁵)
185 4393 305 4444 Ceterum
330 4411 383 4446 non
407 4397 444 4445 ita
468 4403 590 4462 aequatos
616 4412 671 4447 esse
695 4403 757 4462 puto
781 4397 898 4446 flamines
918 4396 1037 4445 divorum
1058 4393 1204 4445 flaminibus
1222 4395 1373 4456 maioribus,

36 4491 69 4534 ut
89 4485 186 4546 omnia,
207 4501 273 4550 quae
292 4487 324 4536 de
338 4488 481 4538 maioribus
503 4489 635 4538 constituit
653 4490 775 4553 religiosa
793 4489 941 4553 antiquitas,
963 4487 1040 4538 etiam
1060 4487 1178 4537 dirorum
1192 4487 1309 4538 flamines
1329 4487 1374 4536 ob·

37 4583 186 4638 servarent,
212 4585 280 4628 certe
304 4579 421 4630 flamines
447 4581 565 4630 divorum
585 4596 617 4630 ex
638 4581 807 4632 confarreatis
832 4581 928 4645 nuptiis
953 4587 1101 4645 procreatos
1125 4593 1180 4630 esse
1198 4593 1302 4630 necesse
1321 4594 1374 4628 non

36 4669 100 4729 fuit,
121 4685 178 4718 eum
199 4669 280 4720 Gaias
302 4673 324 4731 l,
343 4674 394 4722 112
415 4673 447 4722 de
466 4673 539 4723 Diali
559 4673 675 4723 Martiali
695 4673 824 4734 Quirinali
842 4679 943 4723 tantum
962 4672 1110 4723 flaminibus
1128 4672 1208 4722 verba
1225 4672 1312 4723 faciat.

120 4758 144 4822 ⁶)
183 4763 254 4814 Suet.
276 4764 350 4815 Caes.
371 4765 420 4816 76:
454 4765 580 4832 ampliora
604 4767 678 4816 etiam
702 4763 808 4816 bumana
823 4765 935 4832 fastipr'o
961 4764 1063 4815 decerni
1085 4763 1136 4814 sibi
1150 4779 1244 4832 passas
1262 4771 1306 4826 est,
1321 4799 1328 4813 .
1344 4797 1372 4812 ..

36 4853 141 4920 templo,
162 4871 224 4904 aras
247 4891 253 4905 .
268 4891 275 4904 .
290 4891 296 4905 .
304 4855 440 4922 flaminem.
478 4857 531 4907 Dio
551 4859 595 4919 44,
611 4859 641 4908 6:
665 4855 705 4906 καὶ
718 4854 797 4914 τίλας
810 4853 866 4906 Διά
879 4875 906 4906 τι
918 4847 991 4907 αὖτδν
1005 4844 1237 4923 ἀντικρῦςῚοιῖλιον
1249 4841 1374 4923 npoanyc‘·

38 4962 133 5013 ρευσαν
150 4944 190 4995 aa)
204 4934 261 4996 vada
274 4939 340 5012 au’rf)
358 4947 389 5020 τῇ
408 4943 429 4997 τ’
442 4941 560 5014 latercula
579 4945 655 5000 abacti
673 4947 851 5016 τιμινισθῆναι
870 4945 985 5017 ἔγνωσαν,
1008 4945 1075 5016 ἱερέα
1095 4939 1172 5014 σφίσι
1190 4935 1375 4997 τδνἈντόνιον

39 5025 125 5104 ὅσπερ
139 5026 194 5088 ravel
208 5029 320 5088 Διᾶλιον
333 5031 564 5112 προχειρισάμενοι.
606 5042 659 5092 cie.
679 5042 793 5108 Philipp.
815 5045 839 5105 2,
854 5043 898 5105 43,
915 5045 981 5093 110:
1005 5048 1042 5090 eat
1064 5055 1123 5105 erpo
1136 5039 1238 5106 flamen,
1261 5045 1289 5088 ut
1308 5037 1372 5100 Ioui,

35 5137 67 5180 ut
85 5128 180 5192 Marti,
199 5138 226 5181 at
246 5129 361 5194 Quirino,
383 5135 420 5183 sic
439 5132 498 5185 divo
518 5133 585 5184 Iulio
606 5133 644 5182 M.
659 5135 790 5185 Antonias.
811 5134 846 5184 ib.
869 5135 910 5196 13,
926 5136 969 5197 21,
984 5135 1032 5184 47:
1047 5168 1054 5182 .
1070 5167 1095 5182 ..
1113 5129 1216 5193 Caesar,
1237 5131 1309 5181 cuiue
1325 5147 1371 5197 pa·

37 5223 91 5272 trie
103 5221 201 5287 stamen
220 5230 264 5275 eat.
304 5225 344 5277 Cf.
364 5225 500 5278 Drumann
522 5227 605 5290 1,77.
626 5225 651 5290 3,
667 5226 728 5278 666.
