3488 5828
391 521 557 574 8111888
584 521 876 574 rusoarrrrouvu
902 520 1168 574 1881888181.
1368 501 1441 573 143

109 697 220 775 Angeli
254 697 415 756 instaurari
441 706 589 774 coeptam,
623 697 725 754 nescio
753 713 812 773 quo
845 695 911 754 iure
944 714 1026 756 suam
1057 696 1114 754 sibi
1141 703 1256 772 partem
1285 696 1443 754 babuisse:

111 799 185 857 baec
216 799 294 857 enim
322 800 373 858 ille
403 819 419 856 e
446 799 613 858 Bodleiano
639 797 755 876 Ligarii
787 797 890 856 codice
919 798 1110 873 transcripsit
1137 797 1218 856 Bull.
1246 797 1275 855 d.
1301 799 1321 856 i.
1353 796 1443 868 1871,

111 899 171 959 265
186 919 210 959 s.
234 901 287 976 (cf.
311 922 336 960 c.
360 901 416 977 ΙΙ).
432 934 473 944 -
492 901 597 960 eodem
619 920 646 958 a.
674 901 752 960 1547
775 919 841 959 8818
865 901 904 958 ad
924 901 1117 959 fundamenta
1139 918 1227 960 arcus
1250 898 1354 960 Severi
1377 901 1443 959 sine

108 1003 200 1060 dubio
228 1005 266 1062 ob
296 1004 467 1079 quaerenda
495 1021 644 1062 marmora
667 1013 746 1061 terra
768 1004 990 1081 pervestigatur
1011 1013 1146 1080 repertae
1169 1010 1240 1061 sunt
1262 1004 1352 1061 bases
1375 1019 1443 1079 sep·

108 1114 168 1162 tem
191 1124 219 1163 8.
247 1105 418 1164 113-118.

193 1209 241 1266 Ab
263 1227 291 1265 a.
318 1207 396 1266 1547
420 1224 515 1282 usque
538 1209 576 1266 ad
598 1208 711 1268 saeculi
735 1209 841 1268 decimi
863 1209 961 1268 octavi
982 1210 1071 1266 finem
1095 1187 1268 1268 substitisse
1289 1208 1441 1266 fossorum

109 1328 232 1386 operam
254 1328 313 1367 non
335 1317 416 1368 recte
439 1311 593 1368 contendit
608 1309 792 1370 Lancianius
814 1311 833 1368 l.
851 1331 874 1370 c.
892 1333 921 1389 p.
936 1311 1004 1371 266.
1043 1319 1148 1370 extant
1170 1311 1248 1368 enim
1270 1310 1441 1368 testimonia

108 1413 282 1470 iteratarum
305 1433 357 1489 per
379 1429 474 1470 annos
497 1414 614 1471 circiter
638 1413 742 1491 viginti
769 1414 925 1490 proximos
947 1413 1142 1472 effossionum
1165 1431 1220 1472 nec
1241 1412 1346 1471 dubito
1368 1412 1440 1488 quin

108 1514 197 1591 plura
218 1514 262 1572 eis
285 1533 363 1590 quae
385 1515 463 1572 iufra
484 1515 613 1590 ascripsi
635 1515 736 1591 colligi
758 1516 885 1592 possint.

193 1619 230 1672 A.
256 1617 334 1675 1549
357 1618 446 1676 bases
469 1618 546 1675 duae
569 1618 716 1694 virginum
733 1617 901 1676 Vestalium
926 1617 977 1691 (81.
995 1636 1021 1676 a.
1041 1617 1135 1694 1497)
1158 1625 1314 1693 praesente
1329 1616 1438 1694 Pigbio

106 1721 138 1775 in
161 1721 271 1776 cornilio
299 1719 339 1776 ad
363 1723 439 1777 viam
467 1737 582 1778 sacram
611 1720 662 1778 aab
684 1721 782 1778 radice
803 1719 915 1780 Palatii
935 1739 949 1778 e
972 1723 1084 1795 regione
1107 1719 1164 1779 SS.
1190 1719 1307 1778 Cosmae
1328 1719 1439 1778 81118-

108 1823 199 1878 miani
220 1829 371 1880 extractae
394 1829 462 1880 sunt
484 1821 526 1897 (v.
543 1840 571 1878 u.
590 1820 654 1896 33),
677 1819 782 1880 eodem
805 1841 831 1878 a.
849 1841 903 1880 sex
926 1823 1014 1880 bases
1036 1823 1075 1880 ad
1097 1841 1198 1880 arcum
1215 1819 1319 1882 Severi
1338 1819 1438 1897 (122).

191 1924 271 1982 Α818
297 1943 323 1981 8.
350 1925 427 1982 1553
463 1927 493 1980 ia
520 1923 609 1982 bortis
635 1924 780 1982 8818181188
806 1923 942 1982 Maeuiae
969 1923 1012 1998 (b.
1041 1944 1066 1982 e.
1095 1923 1209 1998 Focae)
1242 1924 1439 1984 adiacentibus

106 2025 235 2083 effossus
259 2034 305 2084 881
326 2027 430 2084 1118188
447 2024 556 2084 Naevii
573 2023 696 2085 Surdini
717 2027 800 2084 cuius
816 2027 933 2103 postica
948 2044 1018 2103 pars
1036 2045 1071 2083 eo
1093 2027 1161 2102 ipso
1183 2035 1317 2102 ternpore
1338 2027 1437 2104 imago

106 2123 204 2184 Curtii
232 2127 382 2204 insculpta
408 2136 462 2187 est.
508 2147 534 2185 v.
558 2127 647 2185 adn.
672 2125 720 2188 32.
765 2145 833 2188 8888
860 2129 965 2186 1181188
992 2128 1062 2188 11188
1088 2129 1209 2188 eosdem
1239 2146 1315 2205 quos
1345 2148 1438 2204 supra

107 2228 240 2288 diximus
263 2229 382 2289 saeculo
404 2231 467 2288 XII
490 2239 519 2288 et
539 2229 615 2288 Xlll
639 2229 696 2288 dici
721 2227 776 2290 SS.
794 2228 891 2307 Sergii
913 2231 1076 2290 etBacchi
1098 2239 1231 2308 apparet.
1275 2231 1436 2290 eorundem

104 2332 216 2388 mentio
244 2332 324 2390 lacta
349 2333 379 2390 in
405 2332 507 2392 libello
535 2332 571 2391 de
593 2339 742 2391 vetustate
770 2333 852 2391 urbis
875 2331 963 2392 Laeti
984 2334 1103 2392 nomiae
1130 2333 1274 2410 inscripto
1297 2334 1436 2410 editaque

104 2434 193 2491 annis
222 2435 302 2493 1516
326 2443 355 2492 81
383 2435 461 2493 1515
491 2433 524 2508 (1.
548 2435 585 2492 3¹
606 2435 651 2492 ed.
675 2455 701 2492 a.
728 2435 837 2510 1515):
882 2437 966 2493 ..ud
990 2436 1099 2494 bortum
1125 2439 1262 2495 aestivum
1288 2445 1329 2494 est
1349 2456 1435 2497 orcus

105 2533 205 2594 Secari
224 2539 412 2612 imperatoris.

188 2641 226 2695 A.
253 2637 331 2696 1554
355 2638 435 2697 basis
463 2657 522 2697 una
550 2639 586 2697 de
615 2647 756 2714 quattuor
782 2638 843 2698 illis
867 2638 990 2698 Gabinii
1020 2637 1112 2698 Vettii
1142 2639 1285 2698 Probiani
1312 2643 1342 2696 in
1369 2640 1434 2698 dor·

104 2742 142 2797 tia
162 2757 254 2816 prope
280 2751 337 2798 tres
365 2743 511 2800 columnas
538 2749 657 2817 reperta
683 2751 730 2800 est
757 2739 799 2815 (n.
824 2739 888 2817 28),
915 2741 972 2799 1188
998 2751 1045 2799 881
1072 2742 1103 2799 18
1132 2740 1257 2800 basilica
1278 2741 1358 2800 Iulia
1383 2741 1434 2800 ubi

104 2841 176 2899 olim
199 2842 298 2919 posita
319 2843 388 2914 suit;
411 2843 515 2902 eodem
539 2861 618 2900 anno
641 2843 723 2901 basis
744 2843 877 2918 Augusti
899 2844 937 2901 ad
960 2861 1059 2901 arcum
1083 2841 1186 2902 Severi
1210 2842 1253 2917 (n.
1279 2842 1361 2919 123).

186 2947 225 3004 A.
252 2944 329 3003 1563
353 2946 459 3003 titulus
481 2944 585 3002 Planci
610 2943 699 3020 (126)
722 2945 760 3002 ad
782 2963 884 3002 arcum
907 2943 1022 3014 Severi,

187 3050 224 3105 A.
251 3048 329 3106 1565
357 3047 513 3124 inscriptio
541 3047 699 3105 columnae
732 3054 880 3106 rostratae
910 3045 1090 3105 Duellianae
1120 3046 1209 3123 (127)
1244 3047 1352 3106 ibidem
1386 3069 1433 3108 re-

99 3159 188 3226 perta
210 3158 263 3208 est.

185 3253 321 3331 Apparet
348 3262 419 3328 post
444 3251 604 3329 Pomponii
632 3250 721 3310 Laeti
754 3259 880 3311 aetatem
908 3253 957 3312 vix
986 3269 1126 3328 umquam
1159 3269 1226 3310 esse
1260 3251 1370 3312 aditum
1394 3255 1433 3312 ad

99 3355 221 3432 sepulta
243 3356 298 3414 sori
321 3355 429 3414 rudera
449 3356 487 3412 ob
508 3355 596 3412 aliam
620 3373 742 3413 causam
765 3355 890 3432 petitum
906 3353 965 3412 nisi
987 3355 1064 3414 lueri
1086 3372 1178 3413 causa
1199 3354 1290 3431 inque
1312 3355 1432 3416 easdem

98 3458 262 3518 identidem
286 3458 465 3534 lapidicinae
487 3457 570 3514 illius
586 3458 775 3516 vastissimae
797 3458 936 3534 regiones
953 3475 1021 3516 8888
1037 3457 1223 3528 descensum,
1245 3458 1276 3516 in
1291 3458 1431 3518 viciniam

98 3579 188 3618 arcus
212 3559 315 3620 Severi
338 3561 479 3636 aedisque
501 3557 531 3618 S.
556 3558 713 3630 Hadriani,
739 3560 842 3634 templi
866 3559 1029 3618 Faustinae
1056 3559 1200 3634 aedisque
1223 3555 1277 3620 SS.
1301 3557 1432 3619 Cosmae

97 3671 129 3720 81
152 3662 303 3733 Damiani,
326 3664 414 3720 trium
438 3662 643 3720 columnarum
666 3662 767 3738 templi
784 3660 952 3720 Castorum.
997 3679 1051 3718 nec
1073 3661 1206 3738 profecto
1222 3663 1329 3720 mirum
1349 3663 1430 3739 quod

97 3766 151 3841 qui
172 3775 241 3841 post
262 3783 289 3822 a.
309 3763 387 3823 1585
411 3764 535 3838 antiqua
555 3774 747 3822 monumenta
768 3763 911 3822 radicitus
934 3763 1060 3820 evellere
1076 3781 1240 3840 eorumque
1255 3773 1431 3824 ornamenta

97 3867 138 3924 ad
165 3885 243 3924 nova
270 3865 351 3924 urbis
379 3865 492 3942 templa
517 3875 604 3942 atque
631 3865 744 3942 palatia
770 3865 997 3923 condecoranda
1019 3863 1160 3923 adbibere
1183 3867 1298 3936 statuit,
1322 3865 1428 3925 Sixtus

98 3968 137 4039 V,
161 3967 258 4026 solum
279 3968 352 4026 illud
375 3968 484 4027 totiens
512 3967 691 4026 subversum
719 3975 859 4042 tanquam
887 3985 993 4042 parum
1015 3966 1101 4026 ferax
1128 3985 1187 4025 non
1210 3967 1339 4045 amplius
1361 3970 1429 4026 atti·

97 4071 180 4147 gisae
195 4071 320 4130 videtur.
357 4070 524 4146 quidquod
546 4070 627 4128 fama
648 4069 741 4126 fertur
762 4069 882 4144 ingesta
902 4088 968 4127 eum
992 4069 1115 4146 insuper
1130 4068 1264 4139 materia,
1287 4087 1326 4126 ex
1343 4071 1429 4130 novis

97 4173 356 4231 aedificationibus
378 4173 407 4228 in
431 4171 583 4230 Montibus
606 4171 694 4230 factis
717 4171 852 4243 collecta,
880 4171 986 4229 dirutis
1015 4171 1130 4246 aliquot
1151 4171 1271 4230 sacellis
1294 4171 1428 4230 christia·

96 4275 145 4332 nis
172 4275 403 4350 antiquissimis,
435 4275 561 4350 denique
595 4274 662 4332 solo
695 4275 726 4331 in
756 4291 822 4330 eum
856 4273 977 4331 modurn
1010 4283 1178 4349 exaequato
1206 4291 1266 4349 quo
1294 4274 1429 4334 videmus

96 4378 196 4434 iacere
219 4375 366 4453 Campum
390 4377 543 4435 vaccinum
569 4394 665 4452 usque
688 4375 724 4433 ad
746 4377 820 4435 baec
842 4383 987 4452 tempora,
1014 4375 1124 4434 futuris
1147 4375 1314 4436 fossoribus
1335 4376 1427 4455 impc-

95 4479 229 4536 dimenta
250 4496 375 4553 parasse
396 4479 572 4537 efficaciora.
609 4479 691 4536 fama
712 4479 783 4536 ferri
805 4477 871 4535 dieo
893 4477 974 4554 quod
995 4497 1050 4555 per
1071 4477 1166 4536 libros
1189 4479 1298 4537 multos
1320 4497 1426 4554 parum

94 4581 187 4639 certis
210 4579 393 4638 documentis
417 4589 611 4657 propagetur:
635 4599 711 4656 quae
733 4581 910 4638 documenta
932 4579 1427 4658 1188118888881181181881881118

93 4681 370 4740 11818818Η11118811
392 4683 603 4740 voluminibus.
648 4683 705 4740 1188
727 4691 823 4741 testor
844 4682 874 4739 in
897 4683 1092 4758 epistularum
1109 4679 1186 4742 sixti
1203 4681 1242 4740 ad
1258 4681 1426 4742 Fontenam

93 4784 242 4855 datarum,
270 4784 378 4860 quibus
400 4793 449 4842 sat
470 4785 581 4844 multae
597 4785 787 4842 continentur
809 4803 857 4844 res
881 4783 918 4843 ad
941 4785 1150 4843 illustrandam
1167 4793 1424 4843 monumentorum

88 4896 226 4943 veterum
254 4886 410 4944 historiam
438 4896 536 4962 aptae,
570 4907 606 4945 ea
632 4894 717 4964 parte
744 4905 833 4963 quam
861 4885 1053 4946 Constantini
1081 4883 1256 4944 Corvisierii
1281 4887 1425 4944 beneficio

91 4989 209 5047 Romae
231 4986 354 5046 81872
377 4987 529 5064 perlegere
551 4989 645 5061 licuit,
668 4989 741 5047 nibil
764 4989 886 5048 omnino
909 5009 957 5048 me
980 4987 1153 5065 repperisse
1175 4988 1256 5062 quod
1278 4987 1426 5062 pertineat

94 5090 134 5147 ad
156 5089 214 5146 lori
236 5089 395 5148 historiam
416 5091 641 5167 pertexendam.
