3488 5828
380 559 543 612 1111111
570 557 859 612 msenrrnrouvu
884 559 968 611 rom
993 555 1149 612 nonani.
1349 531 1421 611 253

100 743 273 812 paratorum
296 750 456 808 eorumque
472 733 612 792 comitum
633 733 769 809 ruperint
789 752 824 792 ac
840 733 1022 794 vexaverint.
1065 735 1174 810 quibus
1197 733 1234 792 de
1255 733 1343 792 rebus
1365 752 1424 791 non

100 847 235 914 repetam
262 854 337 912 quae
363 855 457 912 nuper
483 835 600 911 plenius
628 835 778 913 disputavi
805 833 1319 911 (1111111111111118751171611.
1345 833 1423 892 1876

104 959 135 1014 p.
154 938 271 1014 1751).
315 937 373 996 iam
399 939 551 1014 quaerenti
589 938 661 996 mibi
695 939 872 1014 quibusnam
905 939 1004 997 causis
1038 947 1205 1014 utrumque,
1240 938 1427 996 aecumalata

102 1042 143 1099 ad
165 1059 266 1098 areum
288 1037 391 1098 Severi
424 1047 615 1098 monumenta
641 1039 763 1115 antiqua
784 1059 879 1116 eaque
902 1049 950 1099 sat
970 1041 1095 1116 integra,
1128 1047 1306 1098 conservata
1327 1047 1426 1096 autem

101 1143 242 1218 exemplo
264 1161 358 1218 paene
381 1143 469 1199 unico
502 1141 612 1217 pluteo,
645 1143 833 1201 tribuendum
856 1143 905 1214 sit,
937 1143 1016 1201 ultro
1049 1143 1150 1201 oblata
1177 1151 1224 1200 est
1252 1141 1426 1200 difficillima

99 1263 163 1316 res,
183 1244 312 1320 regionis
334 1243 415 1301 illius
437 1243 505 1300 inde
527 1245 564 1302 ab
579 1251 685 1303 octavo
707 1245 829 1303 saeculo
852 1244 889 1302 ad
905 1245 1110 1303 duodecimum
1132 1245 1267 1303 historia.
1312 1244 1427 1302 scilicet

101 1354 242 1405 constare
264 1346 379 1403 videtur
411 1345 567 1404 eeclesiam
590 1343 645 1406 SS.
670 1345 766 1422 Sergii
788 1346 949 1405 etBacchi
973 1347 1110 1405 viciniam
1142 1365 1230 1404 arens
1263 1337 1438 1421 occupasse

100 1450 281 1524 hortumque
303 1449 369 1506 eius
391 1448 535 1507 eeclesiae
557 1449 735 1523 pertinuisse
768 1467 844 1526 pone
866 1449 1023 1507 ecclesiam
1054 1467 1146 1524 usque
1175 1448 1212 1506 ad
1234 1448 1425 1519 Marsorium;

101 1552 212 1610 deinde
243 1550 445 1608 demonstravi
473 1549 703 1628 Topographiae
732 1551 880 1609 volumine
911 1552 1005 1609 altero
1028 1551 1070 1628 (p.
1087 1551 1162 1626 453)
1194 1551 1225 1608 in
1247 1550 1426 1626 Hieronymi

102 1651 212 1713 Coekii
235 1652 362 1728 imagine
384 1652 442 1710 fori
473 1647 659 1729 ‘Praecipuis
682 1672 822 1712 romanae
844 1654 1030 1729 antiquitatis
1060 1648 1263 1711 monimentis’
1296 1671 1323 1710 a.
1348 1652 1424 1710 1551

101 1755 289 1831 Antverpiee
311 1753 398 1812 editis
420 1755 532 1812 inserta
553 1754 626 1829 (tab.
655 1754 696 1829 Τ)
725 1757 802 1827 inter
830 1753 996 1813 columnam
1020 1753 1119 1814 Focee
1148 1763 1300 1814 eternum
1323 1751 1428 1813 Severi

102 1875 277 1934 comparere
299 1857 456 1914 eeclesiam
478 1865 525 1914 sat
543 1873 691 1932 magnam,
714 1875 780 1916 cum
802 1859 876 1916 turri
898 1857 1066 1932 campanili,
1089 1867 1122 1914 ut
1143 1856 1233 1932 vulgo
1254 1856 1426 1931 loquuntur,

101 1961 284 2017 honestae
310 1960 377 2034 ipso
409 1958 474 2017 loeo
507 1977 565 2036 quo
597 1955 773 2018 ‘rostrorum
796 1953 990 2018 substructio’
1023 1957 1065 2034 (v.
1088 1960 1136 2035 fig.
1162 1957 1194 2034 2)
1217 1977 1282 2016 eum
1302 1958 1427 2016 basibus

100 2062 256 2136 aliquota
278 2061 434 2119 ruderibus
457 2060 553 2119 denuo
575 2072 769 2120 emerserunt.
814 2059 957 2120 Oockium
978 2060 1143 2120 delineasse
1165 2060 1330 2118 aedilicium
1353 2058 1427 2116 illud

103 2163 199 2221 animi
221 2180 314 2220 eausa
334 2171 387 2220 aut
418 2163 483 2220 loeo
505 2163 603 2222 alieno
626 2163 679 2220 vix
699 2163 858 2239 quisquam
880 2163 931 2240 qui
957 2163 1116 2240 imaginem
1148 2163 1231 2220 illam
1254 2171 1428 2237 ceterasque

103 2265 208 2341 operis
230 2264 363 2340 primarii
385 2265 601 2324 examinaverit
621 2265 748 2342 putabit
792 2274 844 2323 aut
875 2266 966 2344 igitur
989 2264 1044 2326 SS.
1069 2263 1166 2342 Sergii
1193 2276 1222 2323 et
1242 2263 1355 2324 Bacchi
1383 2269 1429 2322 est

101 2367 235 2425 eeclesia
255 2366 317 2438 illa,
339 2367 553 2443 concidentque
575 2386 652 2444 quae
673 2367 752 2426 Fene
773 2368 904 2426 maxime
926 2369 1100 2427 auctoritate
1122 2367 1158 2425 de
1191 2367 1250 2426 situ
1279 2367 1342 2424 eius
1372 2365 1428 2422 sub

103 2469 220 2546 templo
245 2466 431 2527 Concordiae
453 2470 543 2545 vulgo
566 2469 734 2538 creduntur,
767 2469 883 2544 quade
916 2489 948 2528 re
974 2470 993 2528 l.
1017 2489 1041 2526 1.
1064 2469 1199 2545 pluribus
1231 2469 1341 2526 dictum
1374 2477 1430 2537 est,

49 2625 53 2630 .
104 2580 160 2628 aut
181 2579 226 2629 est
246 2571 372 2630 eeclesia
393 2571 513 2629 aliunde
535 2571 607 2629 mihi
628 2581 707 2630 certe
722 2588 781 2628 non
803 2580 884 2628 uota.
922 2572 973 2628 sed
996 2579 1061 2630 utut
1082 2579 1184 2629 est-
1201 2569 1330 2628 viderint
1351 2568 1429 2626 enim

103 2672 217 2748 quibos
249 2673 369 2731 illorum
402 2681 567 2748 temporum
590 2673 733 2731 historiae
765 2673 861 2731 fontes
883 2671 979 2731 adhuc
1001 2672 1209 2730 delitescentes
1232 2671 1314 2730 adire
1346 2670 1429 2728 licet:

104 2774 182 2832 mibi
209 2774 327 2850 quidem
355 2775 461 2833 mirum
489 2775 635 2833 videretur
657 2775 730 2832 nihil
751 2793 875 2850 prorsus
898 2775 928 2832 in
949 2773 1057 2831 litteris
1079 2773 1168 2831 medii
1191 2773 1257 2832 aevi
1279 2771 1315 2829 111
1336 2771 1430 2829 11111-

106 2876 158 2934 sia
191 2895 226 2934 eo
258 2877 324 2934 loeo
357 2877 443 2935 alteri
475 2877 573 2934 vicina
605 2876 747 2934 traditum
779 2894 846 2935 esse
883 2908 920 2918 -
957 2876 1015 2933 hoc
1047 2874 1164 2932 videtur
1196 2883 1283 2933 extra
1314 2883 1432 2932 contro·

105 2979 238 3036 versiam
271 2978 400 3054 positum
433 2997 500 3038 esse
533 2979 767 3036 aedificationem
795 2977 938 3035 eeclesiae
965 2973 1019 3036 SS.
1044 2973 1140 3052 Sergii
1163 2987 1193 3035 et
1212 2976 1335 3046 Bacchi,
1367 2971 1429 3034 ‘ubi

105 3075 292 3151 umbilicus’,
323 3089 486 3140 rostrorum
510 3080 653 3157 quidquid
680 3079 801 3138 saeculo
827 3087 934 3136 octavo
957 3098 1024 3137 eum
1046 3079 1153 3137 statuis
1176 3079 1347 3156 vicinisque
1369 3098 1432 3136 mo-

104 3182 258 3240 numentis
281 3183 458 3260 superfuerit
479 3201 673 3241 conservasse
696 3183 825 3257 itemque
849 3182 1015 3240 coniectare
1041 3182 1143 3240 licebit
1165 3201 1225 3240 non
1246 3181 1340 3240 multo
1362 3187 1433 3258 post

104 3285 139 3342 id
161 3293 277 3360 tempus
294 3303 395 3344 versus
417 3285 570 3344 meridiem
593 3285 756 3344 seeundum
772 3285 851 3342 viam
867 3303 943 3360 qnae
965 3284 1003 3341 ab
1025 3303 1095 3342 arcu
1111 3281 1215 3344 Severi
1230 3284 1268 3342 ad
1290 3282 1432 3360 templum

105 3385 273 3444 Faustinae
294 3387 389 3445 tendit
416 3387 497 3444 aliud
525 3387 691 3446 aedificium
720 3395 922 3444 constructum
949 3403 1017 3445 esse
1039 3387 1148 3461 quibus
1170 3386 1274 3462 plutea
1295 3387 1348 3444 illa
1369 3387 1433 3443 sive

106 3488 256 3565 parietum
280 3493 342 3546 sive
365 3507 516 3548 murorum
538 3490 633 3546 instar
654 3489 774 3546 fuerint.
817 3507 852 3546 ac
879 3507 950 3546 sane
977 3489 1168 3546 memorabile
1191 3487 1339 3564 estquod
1361 3506 1433 3545 ana·

106 3589 223 3666 glypha
244 3609 280 3646 ea
301 3608 377 3665 quae
398 3591 576 3650 intrinsecus
597 3599 703 3649 extant
723 3591 811 3667 longe
826 3591 969 3650 minorem
990 3591 1088 3648 labem
1111 3598 1267 3648 traxerunt
1288 3609 1375 3666 quarn
1398 3607 1434 3645 ea

107 3710 188 3768 quae
209 3692 408 3751 extrinsecus:
431 3692 538 3750 deinde
559 3692 692 3768 utrisque
714 3693 801 3768 quasi
823 3701 932 3750 tectum
958 3691 1109 3768 quoddam
1132 3693 1194 3750 sive
1216 3693 1434 3750 concameratio

107 3794 365 3870 superimposita
395 3795 517 3854 inventa
540 3803 585 3852 est
606 3813 695 3869 quam
725 3795 856 3852 diximus
888 3789 1003 3851 ‘turrim
1026 3794 1116 3852 medii
1139 3789 1216 3853 aevi'
1250 3794 1343 3852 visam
1365 3811 1434 3852 esse

107 3897 325 3968 inventoribus,
349 3907 379 3954 at
402 3898 457 3955 sub
479 3897 532 3954 illa
553 3897 687 3973 interque
708 3897 776 3972 ipsa
791 3897 901 3971 platea,
925 3896 950 3953 si
970 3895 1140 3971 pavimento
1162 3897 1285 3971 antiquo
1308 3895 1434 3973 integro,

109 3999 138 4056 si
161 3998 385 4076 photographae
406 3999 528 4076 imagini
550 3999 727 4073 silentioque
749 3999 892 4055 Actorum
916 3996 1093 4054 credendum
1123 3999 1171 4068 sit,
1205 3998 1344 4056 materies
1368 3997 1433 4055 solo

109 4101 270 4175 postmodo
303 4101 497 4160 accumulata.
542 4101 656 4158 accedit
689 4099 770 4176 quod
803 4100 841 4157 ad
873 4099 996 4156 eandem
1029 4099 1106 4157 viam
1136 4119 1153 4157 e
1178 4100 1299 4176 regione
1332 4098 1435 4176 templi

110 4201 278 4262 Faustinae
293 4213 326 4262 ut
346 4203 516 4280 supradixi
536 4202 703 4261 aedilicium
719 4200 850 4260 eiusdem
873 4201 935 4260 fere
950 4201 1107 4259 aetatis-
1125 4210 1159 4259 ut
1172 4201 1259 4277 periti
1276 4201 1381 4259 volunt
1396 4233 1434 4242 —

109 4323 172 4381 quo
194 4305 321 4364 ecelesia
344 4303 399 4366 88.
424 4303 522 4383 Sergii
544 4313 573 4362 et
587 4304 700 4363 Bacchi
722 4303 843 4363 condita
864 4311 909 4362 111
931 4322 1023 4381 nuper
1045 4304 1212 4380 comparuit
1233 4304 1343 4378 partim
1365 4323 1437 4362 eon-

109 4406 290 4484 glutinatum
312 4408 511 4466 marmoribus
534 4407 733 4483 antiquiorum
756 4406 967 4466 aedificiorum.
1011 4405 1088 4464 unde
1111 4405 1226 4464 abunde
1249 4415 1437 4465 111111111-

110 4521 183 4567 1111
215 4509 276 4568 1111
309 4509 427 4568 saeculo
459 4509 557 4568 forum
589 4527 744 4568 romanum
773 4527 833 4566 non
865 4508 1025 4580 desertum,
1060 4527 1161 4566 verum
1184 4508 1271 4568 novis
1294 4509 1437 4567 aedificiis

110 4610 293 4686 completum
304 4609 417 4670 ‘fuisse
462 4611 513 4669 vix
545 4611 641 4669 ausim
675 4611 754 4668 ultra
778 4611 834 4668 bos
855 4605 999 4670 terminos
1021 4610 1154 4687 prodire:
1188 4629 1365 4686 quamquam
1387 4611 1438 4685 qui

110 4711 298 4772 Cockianam
331 4713 489 4792 imaginem
523 4732 589 4771 oum
623 4713 720 4770 forma
746 4724 849 4771 nostra
875 4712 971 4771 aliave
998 4711 1216 4789 comparaverit
1242 4712 1320 4770 haud
1349 4713 1438 4770 laeile

110 4815 253 4872 abnuerit
271 4833 362 4892 posse
385 4815 488 4873 turrim
511 4815 706 4891 campanilem
729 4815 870 4873 ecelesiae
892 4815 983 4886 illins,
1006 4833 1095 4891 quam
1117 4814 1312 4890 prospicienti
1334 4831 1439 4871 versus

110 4935 218 4974 areum
241 4913 343 4976 Severi
375 4936 453 4993 pone
475 4917 629 4976 ecclesiam
651 4917 823 4975 constitisse
846 4917 1009 4992 apparebit,
1042 4933 1110 4975 esse
1138 4915 1235 4990 ipsam
1266 4933 1331 4972 eam
1355 4915 1438 4974 euius

110 5017 224 5076 rudera
245 5019 424 5094 anaglyphis
446 5020 588 5096 imposita
609 5019 667 5077 iam
689 5019 822 5077 funditus
846 5019 965 5077 sublata
988 5027 1065 5076 11111.

200 5119 355 5198 Ingentem
370 5140 525 5179 numerum
541 5121 657 5180 basium
672 5121 802 5180 diximus
819 5121 1034 5179 accumulatum
1053 5137 1122 5178 esse
1136 5120 1222 5178 iuxta
1236 5125 1342 5179 rostra.
1386 5137 1440 5177 nec

109 5223 238 5293 mirum3
261 5231 381 5282 constat
397 5222 475 5281 enim
496 5223 533 5280 in
555 5222 688 5282 rostris
710 5223 833 5300 antiquo
856 5230 988 5300 tempore
1010 5231 1124 5281 statuas
1146 5221 1291 5280 clerorum
1307 5221 1439 5281 virorum

1197 5425 1234 5484 18
