3488 5828
359 584 527 636 suuuouu
553 584 843 638 msosmurouvn
870 585 955 636 som
981 584 1136 636 nouem.
1335 560 1409 631 239

77 756 303 816 demonstrasse
330 758 350 816 l.
375 777 415 830 c.,
448 759 576 818 hortos
605 779 659 836 per
687 767 779 817 totam
808 759 867 816 fori
892 777 993 817 aream
1021 755 1202 836 pertinuisse
1230 753 1409 813 invenimus.

79 860 166 917 cuius
188 860 230 917 rei
254 859 341 918 testis
358 869 404 919 est
426 861 566 937 synopsis
583 861 771 936 praediorum
787 859 1036 920 Lateranensium
1051 881 1070 919 a
1084 859 1211 919 Nicoluo
1226 855 1412 934 Frangipani

76 962 200 1020 sedente
220 962 381 1020 Bonifacio
405 961 481 1020 VIII
508 963 754 1039 (rust-1303)
788 963 958 1040 conscripta
982 963 1121 1038 editaque
1148 958 1412 1020 uOrescimbenio

75 1065 106 1122 in
129 1064 207 1123 libro
230 1065 385 1141 inscripto,
407 1061 529 1123 ‘Istoria
551 1065 630 1123 della
653 1065 754 1123 chiesa
776 1065 805 1122 di
830 1063 860 1123 S.
884 1063 1035 1124 Giovanni
1058 1065 1158 1122 avanti
1181 1072 1268 1139 portu
1289 1054 1411 1119 Latina’

77 1187 107 1243 p.
125 1165 251 1236 203ss,
282 1185 340 1242 quo
369 1166 446 1224 libro
463 1167 576 1226 Romae
598 1185 670 1226 usus
693 1185 760 1226 sum
782 1187 808 1224 a.
835 1166 913 1225 1872
937 1167 1030 1242 (nunc
1051 1167 1158 1224 iterum
1181 1166 1225 1224 uti
1247 1183 1307 1222 non
1329 1161 1412 1238 licet)

77 1269 332 1327 commonefactus
348 1287 366 1325 a
380 1266 415 1326 Ο.
433 1267 628 1328 Corvisierio.
662 1269 839 1346 transcripsi
856 1289 932 1345 quae
954 1270 1013 1328 huo
1034 1271 1203 1346 pertineant
1225 1268 1317 1325 verba
1338 1266 1413 1323 baec

76 1371 120 1446 (p.
139 1370 228 1446 200:
273 1373 302 1427 ia
322 1373 426 1446 primis
449 1371 533 1429 babet
553 1374 627 1430 duos
650 1373 748 1429 domus
778 1375 813 1429 iu
833 1373 917 1445 soce
937 1375 1078 1448 inopina
1099 1374 1211 1429 iunctae
1233 1369 1319 1428 simul
1339 1385 1413 1444 quus

75 1483 217 1530 uocantur
240 1491 349 1530 camare
371 1491 433 1532 cum
459 1474 567 1532 duobus
591 1478 738 1532 casurenis
764 1479 794 1532 in
817 1475 918 1550 quibus
934 1476 1054 1548 suerum
1076 1477 1174 1532 domus
1198 1484 1224 1531 et
1243 1473 1325 1530 modo
1347 1478 1413 1528 eunt

77 1579 148 1632 orti
169 1583 194 1631 et
216 1583 282 1632 suut
302 1579 408 1632 murati
434 1594 555 1634 arcum
578 1579 657 1635 circa
678 1581 758 1634 iusta
781 1578 927 1634 eccles-iam
951 1575 1010 1634 SS.
1036 1576 1133 1634 Coeum
1155 1586 1180 1634 et
1201 1575 1341 1632 Damioni

77 1681 143 1734 item
164 1677 220 1734 duo
242 1677 304 1735 clia
327 1695 467 1736 casuram
490 1681 587 1736 diruto
612 1683 640 1736 in
664 1679 765 1754 quibus
787 1679 869 1736 modo
897 1689 964 1736 sunt
984 1681 1040 1736 orti
1061 1697 1121 1736 cum
1149 1679 1268 1735 introitu
1289 1684 1318 1734 et
1338 1678 1414 1733 exitu

78 1781 120 1836 ad
139 1783 206 1855 ipsa
223 1797 290 1854 per
311 1797 435 1838 arcura
457 1781 496 1838 da
517 1783 599 1856 soce
619 1785 760 1857 ruspina
782 1785 879 1839 iuncta
901 1781 986 1837 simul
1008 1801 1069 1840 cum
1085 1783 1148 1857 ipso
1163 1798 1236 1838 areu
1250 1797 1323 1854 quae
1337 1795 1414 1835 nuno

72 1892 160 1959 parret
173 1881 295 1939 Iacobus
310 1882 345 1938 de
359 1881 479 1957 Pusqua
495 1900 613 1957 quorum
629 1885 669 1940 tir·
683 1893 748 1941 sunt
761 1884 850 1958 fiaes:
874 1883 910 1941 ab
932 1902 987 1941 uno
1009 1883 1098 1940 latera
1113 1882 1227 1942 ecclesie
1242 1879 1297 1940 SS.
1316 1879 1414 1939 Cosma

78 1994 104 2042 rt
124 1985 273 2052 Domiuni,
297 1985 332 2042 ab
355 1985 482 2042 omuibus
506 1983 573 2042 aliis
597 1985 734 2043 luteribus
756 1995 823 2043 suat
843 1989 899 2044 orti
993 1983 1035 2061 (p.
1053 1984 1144 2060 209>2
1171 1988 1236 2042 item
1258 2001 1344 2041 uuum
1365 2000 1413 2040 ca-

77 2105 211 2144 sarenum
242 2088 271 2143 in
297 2104 353 2160 quo
380 2095 446 2144 sunt
473 2096 597 2162 quatuor
625 2087 742 2164 colupae
764 2091 793 2144 in
816 2091 927 2163 rapinae
950 2085 983 2146 S.
1007 2087 1137 2145 Adriani
1157 2106 1182 2144 e.
1205 2105 1233 2162 q.
1257 2102 1280 2142 s.
1305 2093 1335 2142 ct
1355 2085 1413 2142 bae

77 2188 196 2264 quidem
220 2187 378 2246 columnae
400 2196 529 2265 possunt
551 2207 617 2248 esse
640 2191 760 2248 eusdem
783 2209 907 2266 querum
935 2189 965 2246 in
993 2191 1121 2265 regestis
1143 2186 1312 2248 Innocentii
1334 2185 1415 2244 tertii

79 2289 108 2363 2,
128 2289 185 2346 102
209 2289 251 2365 (v.
268 2289 345 2367 Top.
364 2289 393 2361 2,
410 2289 485 2366 669)
508 2291 619 2349 mentio
641 2292 689 2350 fit:
723 2293 834 2350 bortum
857 2311 879 2350 s.
905 2291 1001 2367 Serqii
1022 2295 1081 2350 sive
1097 2301 1167 2368 post
1188 2311 1211 2350 s.
1236 2289 1367 2365 SerpIum
1388 2297 1416 2346 et

79 2393 191 2449 bortum
212 2396 286 2449 inter
307 2392 452 2452 columnus
474 2411 562 2468 usque
584 2394 623 2450 ad
644 2393 791 2452 abscidam
812 2405 838 2452 et
857 2414 947 2470 usque
968 2395 1009 2453 ad
1029 2395 1184 2452 custodiam
1199 2394 1412 2462 mamortinam

77 2495 165 2552 locus
189 2494 253 2552 sive
275 2495 375 2570 potius
398 2513 484 2552 orcus
506 2496 556 2570 qui
579 2495 687 2554 dicitur
710 2499 779 2569 soce
800 2501 915 2571 mopiam
937 2515 974 2554 an
997 2517 1016 2553 a
1038 2497 1157 2554 nomine
1179 2497 1280 2556 Fosae
1301 2498 1414 2556 colum-

77 2615 136 2655 nae
158 2597 222 2654 eius
245 2597 390 2671 inscripto
413 2597 541 2672 pendeat
568 2597 600 2655 id
621 2598 703 2672 quod
724 2599 820 2656 visum
845 2596 1029 2656 Corvisicrio
1051 2599 1108 2657 boc
1135 2599 1202 2657 loco
1224 2619 1286 2658 non
1308 2599 1413 2657 diiudi-

76 2699 154 2757 cabo
177 2698 218 2773 (r.
241 2697 345 2756 Herm.
371 2699 399 2770 7,
415 2699 505 2775 271):
532 2701 590 2758 hoc
613 2709 738 2776 apparet
766 2700 885 2758 saeculo
908 2701 1024 2758 decimo
1047 2701 1135 2758 tertio
1158 2721 1257 2760 aream
1283 2701 1342 2759 fori
1365 2721 1413 2758 ru·

78 2802 200 2859 deribus
216 2800 383 2878 omnigenis
406 2810 546 2878 terraque
566 2803 731 2860 advecticio
753 2811 918 2860 contectam
941 2803 1045 2861 fuisse.
1082 2803 1120 2861 ad
1143 2803 1245 2861 hortos
1267 2803 1337 2861 illos
1360 2804 1413 2861 ite·

76 2924 145 2962 rum
174 2903 299 2979 digitum
328 2903 517 2961 intendemus
547 2904 585 2962 ad
613 2923 658 2962 aa.
686 2903 822 2980 1553sq.
847 2938 884 2947 —
909 2914 1065 2982 praetereo
1093 2913 1210 2963 constat
1231 2925 1267 2963 eu
1288 2915 1413 2981 tempes-

77 3017 140 3064 tate
162 3005 265 3080 templi
282 3003 468 3063 Concordiae
483 3025 628 3082 pronaum
644 3025 710 3064 cum
733 3008 926 3082 inscriptione
949 3008 1078 3078 stetisse,
1101 3007 1172 3065 item
1188 3027 1288 3066 arcum
1303 3008 1413 3066 Fabia·

79 3127 152 3168 num
174 3109 274 3166 eiusve
296 3115 412 3182 partem
435 3107 557 3166 stetisse
579 3109 700 3167 saeculo
724 3109 900 3168 duodecimo
924 3110 986 3167 veri
1009 3109 1192 3168 simillimum
1215 3118 1272 3183 est,
1298 3111 1414 3188 perisse

78 3218 180 3268 autem
203 3209 306 3286 templi
323 3208 482 3268 Castorum
498 3229 644 3286 pronaum
661 3211 703 3286 (v.
719 3211 821 3288 infre).
839 3213 1024 3270 -certiora
1045 3211 1204 3270 edocemur
1226 3220 1296 3287 post
1317 3222 1415 3272 trans·

76 3314 170 3370 latam
185 3315 336 3374 Aviuione
360 3313 461 3372 sedem
477 3314 685 3389 apostolicam.
730 3322 849 3372 constat
863 3315 941 3372 enim
959 3313 1027 3372 inde
1043 3335 1062 3372 a
1077 3323 1209 3390 tempore
1225 3315 1353 3394 Eugenii
1368 3316 1415 3376 IV

77 3417 236 3490 pontifices
253 3418 401 3475 maximos
424 3416 522 3472 lorum
544 3434 699 3474 romanum
723 3416 848 3492 eiusque
870 3417 1009 3474 viciniam
1032 3417 1150 3492 aliaque
1173 3418 1254 3476 urbis
1277 3418 1344 3477 loca
1364 3439 1414 3477 ru-

76 3516 201 3576 deribus
230 3520 362 3594 antiquis
390 3517 555 3594 conspicua
582 3527 633 3576 aut
658 3517 845 3576 erudera-ndu
873 3518 989 3578 locasse
1016 3519 1187 3578 hominibus
1214 3521 1357 3595 priuatis,
1384 3521 1415 3578 iu

76 3621 184 3696 primis
206 3621 362 3697 opificibus
388 3620 601 3690 marmorariis,
630 3627 683 3676 aut
705 3624 789 3696 ipsos
817 3620 855 3677 ad
878 3620 1080 3679 extrahendos
1102 3621 1228 3698 lapides,
1252 3623 1361 3698 quibus
1383 3623 1415 3681 in

76 3721 340 3782 aedificationibus
365 3721 558 3780 ecclesiarum
582 3730 672 3796 atquc
694 3721 874 3797 palatiorum
898 3731 1058 3794 uterentur,
1082 3733 1310 3799 pertemptassc.

162 3825 200 3882 A.
220 3825 308 3882 1431.
334 3824 372 3882 ad
388 3823 515 3899 Eugenii
536 3823 740 3898 pontificatum
762 3824 912 3901 pertinent
925 3825 1016 3883 verba
1030 3825 1141 3883 decreti
1157 3845 1176 3882 a
1190 3825 1279 3883 Ferd.
1298 3825 1414 3904 Grego-

76 3926 164 3984 rovio
188 3925 270 4000 (hist.
295 3925 386 3984 Urbis
410 3924 530 3999 7,559)
558 3945 574 3982 e
600 3925 678 3983 libro
701 3944 720 3982 a
748 3945 795 3982 me
823 3943 881 3981 non
909 3927 974 3984 viso
997 3926 1108 3984 Amatii
1137 3925 1182 4001 (di
1212 3927 1310 3985 alcuni
1339 3945 1413 3986 mss.

77 4026 148 4084 dell’
175 4027 309 4086 archivio
338 4035 456 4104 aegroto
483 4027 552 4084 Vat.
576 4045 605 4102 p.
621 4026 696 4102 212)
727 4028 893 4104 exscripta,
924 4047 1074 4086 marmora
1101 4027 1255 4086 detrahere
1283 4030 1414 4088 iubentis

77 4231 202 4302 vecchio,
226 4250 284 4308 quo
307 4231 453 4290 vocabulo
476 4239 538 4288 tum
556 4229 587 4290 S.
603 4229 750 4288 Hadriani
773 4231 916 4307 templum
940 4231 1051 4290 dictum
1074 4249 1141 4290 esse
1162 4241 1267 4291 notum
1290 4242 1337 4292 est
1359 4234 1412 4310 (cf.

78 4331 126 4389 De
142 4331 234 4390 Rossi
257 4333 285 4390 lc
307 4333 402 4410 prime
423 4333 553 4391 raccolte
575 4352 603 4408 p.
620 4332 686 4407 44).
731 4351 808 4408 quos
828 4351 930 4392 muros
944 4333 996 4391 vix
1019 4333 1195 4393 crediderim
1219 4343 1299 4394 totos
1322 4355 1415 4413 supra

77 4441 189 4492 terram
217 4435 393 4506 eminuisse
423 4435 513 4492 immo
541 4435 739 4493 eminentibus
766 4453 868 4493 eorum
897 4435 1052 4510 particulis
1079 4436 1154 4494 lucr-i
1181 4437 1350 4514 cupidinem
1376 4440 1414 4498 ad

76 4537 324 4611 perscrutandum
354 4537 520 4609 materiam,
548 4555 608 4613 qua
637 4537 695 4594 iam
722 4545 793 4595 tunc
822 4555 921 4596 areum
949 4537 1006 4595 fori
1029 4546 1195 4596 contectam
1224 4539 1317 4600 fuisse
1340 4541 1414 4614 dixi,

75 4637 240 4696 excitatam
264 4657 333 4698 esse
355 4648 385 4696 et
405 4657 453 4698 res
479 4638 547 4715 ipse
569 4638 656 4696 docet
678 4645 708 4695 et
735 4639 915 4714 persuadent
937 4649 1080 4715 excerpta
1102 4660 1140 4698 ex
1163 4641 1272 4700 archiis
1294 4644 1413 4720 pontifi-

76 4739 133 4796 ciis
157 4759 251 4816 nuper
272 4741 410 4816 evulgata
432 4741 469 4798 ab
491 4743 529 4798 A.
546 4739 582 4798 de
598 4739 682 4796 Zalm
706 4739 785 4798 Bull.
809 4740 878 4799 uell’
896 4742 964 4800 inst.
986 4741 1075 4813 1867,
1101 4741 1158 4801 189
1172 4761 1212 4801 ss.
1235 4753 1265 4801 et
1279 4745 1414 4804 Mdutzio

74 4841 179 4899 Revue
203 4844 283 4900 arch.
310 4843 388 4901 1876
412 4862 450 4901 m.
474 4841 557 4918 Sept.
582 4861 609 4917 p.
629 4841 686 4900 158
703 4859 726 4899 s.

161 4945 199 5000 A.
219 4944 306 5002 1451.
331 4944 448 5020 (Mintz
470 4964 499 5021 p.
519 4943 608 5018 171):
643 4963 662 5001 a
679 4941 774 5002 Soluto
793 4945 902 5004 utana
925 4946 968 5020 (b.
984 4967 1009 5004 e.
1027 4944 1060 5006 S.
1076 4945 1186 5022 Hudr.)
1209 4947 1279 5004 dous
1301 4952 1327 5004 si
1347 4967 1415 5008 sono

75 5046 193 5104 clavati
214 5049 225 5102 i
243 5049 395 5121 peperiqai
417 5065 431 5103 s
453 5049 565 5103 murari.

160 5148 198 5205 A.
218 5148 308 5206 1461.
327 5147 415 5206 1462.
440 5147 494 5222 (ib.
511 5167 540 5224 p.
559 5146 631 5223 172)
653 5148 770 5223 (caver)
787 5152 929 5208 trevertirri
949 5168 968 5206 a
990 5149 1142 5208 lascoube
1163 5149 1286 5224 cenobio,
1311 5162 1411 5212 trauer-

86 5251 132 5305 ini
153 5267 172 5305 u
195 5247 280 5308 Santi
303 5247 400 5308 Cotum
422 5267 436 5308 e
458 5251 604 5308 Daruiano
627 5268 641 5306 e
665 5269 684 5308 a
707 5251 739 5308 la
760 5252 860 5308 zecclto
882 5252 1004 5309 vecchio.

1155 5455 1214 5517 17*
