3488 5828
362 553 522 607 smuoeu
549 552 834 606 msceremonvu
861 551 945 604 som
970 551 1126 604 nonnus
1331 531 1403 603 tut

85 729 97 786 l
144 727 173 786 A
195 727 285 786 Porta
307 727 339 787 S.
362 727 441 787 Petri
462 729 503 786 ad
523 727 555 787 S.
578 726 699 787 Luciam
720 730 750 785 in
774 726 889 803 Orpllsa
911 725 1024 802 (ortlsa
1046 725 1129 802 eod.)

316 829 462 906 (sinistra)
1037 827 1165 904 (deutra)

80 935 99 993 5
115 936 214 1010 sorum
239 932 360 990 liniunt
382 943 408 990 ct
429 933 561 991 columna
582 935 642 992 eius
792 931 825 991 S.
849 929 945 1008 Serpit
966 932 1015 990 ubi
1036 929 1196 990 umbilicum
1217 931 1322 990 Romus

81 1037 99 1095 6
126 1035 235 1093 Tiberis
480 1053 565 1093 arcus
788 1033 890 1093 Seueri

79 1137 97 1194 7
122 1135 153 1195 S.
176 1135 328 1194 Hadriani
784 1135 913 1194 cucullus
940 1133 1119 1194 Constantini

79 1239 98 1297 8
122 1237 153 1298 S.
177 1239 292 1316 Cyriaci
463 1241 565 1314 forum
782 1255 928 1296 romanum

316 1359 341 1398 e.
364 1358 393 1416 q.
416 1358 440 1398 s.

77 1443 128 1502 ubi
151 1453 274 1520 apparet
295 1441 381 1518 (mihi
404 1451 482 1500 certe
498 1461 557 1501 non
579 1443 699 1502 dubium
716 1442 775 1518 est)
792 1443 922 1501 Tiberim
946 1461 964 1499 a
986 1441 1108 1499 sinistra
1129 1441 1159 1498 in
1181 1441 1318 1502 dextram
1332 1461 1399 1520 par-

78 1555 136 1603 tem
159 1543 354 1603 traiciendum
376 1561 453 1616 esse,
476 1545 593 1621 reliqua
607 1563 682 1620 quae
702 1555 772 1622 post
794 1564 820 1603 v.
838 1545 855 1602 8
879 1553 1019 1604 secuntur
1040 1544 1142 1603 multis
1164 1544 1399 1604 dubitationibus

77 1647 209 1706 obnoxia
230 1656 308 1706 sunt.
352 1648 403 1706 sed
428 1657 583 1722 utcumque
607 1647 642 1704 de
670 1646 717 1704 his
744 1647 1043 1732 rebustudicabitur,
1065 1646 1172 1704 iterum
1194 1647 1329 1706 videmus
1351 1667 1398 1706 ca·

75 1749 190 1807 vallum
217 1747 408 1808 Constantini
434 1749 495 1806 fere
522 1750 551 1806 in
580 1767 679 1808 aream
711 1749 768 1826 fori
796 1759 864 1807 ante
891 1747 923 1808 S.
951 1748 1136 1807 Hadrianum
1163 1747 1279 1808 detrudi
1307 1762 1336 1808 et
1361 1753 1399 1810 ab

73 1870 144 1910 arcu
167 1847 270 1910 Severi
296 1851 450 1909 removeri.
494 1861 547 1909 aut
571 1851 663 1927 igitur
688 1869 784 1926 equus
811 1851 840 1908 in
869 1851 968 1909 media
990 1871 1060 1909 area
1080 1852 1138 1910 fori
1160 1860 1213 1910 aut
1234 1853 1300 1911 viae
1322 1872 1398 1931 quae

74 1953 169 2012 tendit
190 1973 209 2010 a
229 1953 340 2030 templo
362 1951 525 2011 Faustinae
544 1953 582 2010 ad
603 1972 704 2012 areum
723 1951 824 2013 Severi
848 1954 973 2030 margini
995 1955 1219 2030 septentrionali
1241 1956 1397 2033 appositus

73 2055 163 2114 suerit
178 2063 303 2132 oportet.
320 2043 324 2052 ⁵
341 2055 416 2113 illud
430 2055 455 2112 si
470 2073 572 2113 rerum
588 2065 643 2126 est,
664 2055 798 2132 sequitur
812 2066 844 2114 ut
858 2055 911 2114 illa
925 2057 1017 2126 basis,
1036 2073 1125 2132 quam
1145 2057 1261 2115 solam
1282 2059 1312 2116 in
1328 2077 1399 2116 area

74 2165 106 2216 et'
126 2177 204 2215 nnnc
226 2167 328 2214 extare
351 2167 380 2215 et
403 2157 508 2215 ultima
529 2158 645 2234 imperii
673 2159 789 2216 romani
815 2167 909 2217 aetate
934 2158 1071 2218 extitisse
1098 2159 1285 2236 supradixi,
1307 2179 1397 2237 quae·

73 2279 131 2338 que
158 2266 279 2337 putatur
308 2277 374 2318 esse
398 2259 563 2318 Domitiani
591 2269 707 2319 statuae
736 2260 899 2336 equestris,
927 2261 967 2319 sit
992 2261 1073 2321 basis
1101 2262 1169 2338 equi
1191 2243 1396 2336 Constantini3

74 2363 121 2422 sin
144 2362 269 2420 alterum
292 2361 365 2420 illud
388 2363 538 2433 statueris,
561 2363 613 2420 vix
630 2363 780 2422 dubitabis
802 2363 873 2438 quin
894 2363 977 2422 basis
994 2361 1183 2422 Constantini
1206 2365 1295 2424 etiam
1317 2384 1396 2425 nunc

71 2465 127 2524 sub
149 2447 229 2522 terra
248 2464 348 2522 lateat.
393 2465 475 2542 atqui
498 2464 568 2522 alibi
583 2465 684 2523 monui
707 2473 754 2522 sat
774 2466 881 2522 mirum
902 2465 996 2524 videri
1019 2467 1098 2542 quod
1114 2466 1277 2525 Domitiani
1300 2485 1395 2544 equus

69 2567 234 2644 praeclaris
259 2563 347 2626 Statii
370 2566 549 2625 carminibus
573 2567 652 2642 (silv.
672 2568 699 2636 1,
717 2568 748 2642 l)
771 2568 857 2642 quusi
879 2574 947 2626 ante
968 2543 1073 2625 oculos
1096 2568 1255 2646 legentium
1277 2569 1395 2644 positus

13 2647 14 2650 Ἴ
68 2679 139 2746 post
171 2677 276 2746 poetae
308 2678 432 2726 aetatem
466 2687 484 2725 5
517 2669 634 2726 nemine
667 2668 728 2725 ullo
762 2654 907 2745 scriptore
939 2679 1200 2741 commemoratur;
1236 2670 1325 2746 idque
1358 2689 1394 2730 eo

69 2775 168 2850 magis
196 2770 302 2829 mirum
328 2770 440 2829 dixeris
468 2771 550 2846 quod
577 2780 678 2848 utpote
709 2771 737 2827 in
764 2771 861 2828 medio
893 2770 958 2828 loro
985 2773 1071 2847 quasi
1097 2773 1172 2831 alter
1205 2773 1270 2830 eius
1299 2773 1392 2830 umbi-

67 2875 147 2932 licus
169 2873 343 2932 conlocatus
360 2892 417 2930 non
440 2874 538 2949 potuit
552 2891 610 2930 non
633 2871 764 2930 omnium
780 2873 883 2931 oculos
906 2874 1082 2949 animosque
1104 2875 1135 2932 in
1157 2891 1190 2934 sa
1212 2882 1393 2934 convertere.

67 2975 142 3053 quid
165 2977 255 3052 igitur
277 2975 303 3032 si
325 2983 539 3050 postmortem
567 2975 630 3033 eius
657 2983 778 3033 senatus
800 2993 859 3033 non
887 2976 982 3034 solum
1004 2977 1034 3034 in
1056 2976 1139 3035 curia
1159 2977 1305 3055 imagines
1328 2978 1392 3037 eius

65 3078 270 3137 detrahendas
292 3077 416 3148 censuit,
439 3096 540 3135 rerum
563 3078 652 3135 etiam
669 3083 836 3152 equestrem
852 3078 917 3136 eius
941 3087 1069 3136 statuam
1085 3077 1287 3137 deiciendam?
1310 3098 1392 3138 aece-

66 3181 113 3239 dit
135 3179 213 3256 quod
236 3180 266 3237 in
289 3179 466 3257 anaglyphis
488 3179 595 3255 quibus
619 3180 743 3239 Traiani
769 3181 957 3258 imperatoris
985 3182 1060 3240 bene
1085 3181 1166 3240 facta
1193 3182 1391 3253 celebrantur,

64 3285 97 3343 in
121 3282 218 3342 media
245 3281 302 3339 tori
324 3300 394 3340 area
415 3281 497 3340 basis
519 3282 624 3360 ingens
653 3281 681 3340 in
704 3301 797 3358 eaque
825 3282 930 3342 sedens
958 3284 1128 3361 imperator,
1156 3284 1280 3343 adstans
1302 3285 1392 3343 ltalia

64 3395 153 3463 grata
175 3394 356 3461 comparent.
400 3384 567 3460 significavi
588 3384 658 3442 alibi
687 3384 929 3460 (Jahresbericht
952 3385 1032 3445 1875
1053 3407 1082 3464 p.
1099 3386 1158 3446 758
1172 3387 1232 3464 sq.)
1254 3387 1327 3446 mihi
1349 3388 1391 3446 vi-

65 3487 129 3546 deri
152 3487 209 3544 hoc
232 3486 356 3544 artificio
380 3485 502 3544 indicari
526 3495 625 3544 votum
648 3507 684 3545 eo
712 3497 843 3566 tempore
865 3498 1086 3547 monumentum
1114 3489 1236 3564 aliquod
1257 3489 1337 3565 qnod
1359 3491 1390 3547 in

63 3589 164 3648 medio
192 3589 258 3645 loro
282 3588 388 3646 ltaliae
411 3589 620 3665 gratitudinem
645 3591 860 3649 testificaretur.
904 3591 965 3650 scio
988 3591 1064 3649 hanc
1086 3591 1285 3649 coniecturam
1308 3593 1390 3650 testi·

64 3691 233 3749 munierum
257 3689 314 3748 lide
335 3689 505 3749 destitutam
521 3709 604 3750 esse:
627 3691 720 3749 nihilo
742 3701 840 3751 tamen
863 3693 955 3752 setius
975 3692 1006 3750 in
1028 3712 1064 3750 ea
1085 3691 1247 3768 imaginum
1269 3693 1389 3751 illarum

63 3793 255 3852 accuratione
278 3811 366 3870 aegre
388 3793 534 3868 equestris
558 3801 674 3851 statuae
696 3793 726 3849 in
743 3795 839 3852 medio
861 3795 927 3852 foro
950 3795 1067 3870 positae
1089 3795 1248 3872 vestigium
1270 3794 1387 3854 deside-

62 3896 189 3953 raveris.
234 3894 307 3953 satis
330 3895 425 3951 habeo
453 3895 639 3971 significasse
662 3903 692 3951 et
719 3895 825 3954 debere
847 3903 876 3953 et
897 3913 986 3970 posse
1009 3896 1111 3973 quaeri
1133 3914 1253 3954 causam
1276 3896 1386 3956 silentii

62 4015 124 4074 quo
147 3996 311 4054 Domitiani
339 4013 433 4072 equus
460 3996 528 4053 inde
555 3993 682 4056 aStatii
711 4004 807 4055 aetate
833 4014 955 4073 pressus
983 3997 1012 4054 in
1043 3997 1150 4056 litteris
1173 3999 1305 4074 antiquis
1327 4016 1386 4057 non

61 4099 238 4174 comparuit.

147 4201 190 4258 At
211 4201 307 4278 ipsius
330 4207 445 4260 statuae
466 4201 543 4259 tituli
566 4201 763 4278 fragmentum
782 4202 859 4259 haud
882 4202 987 4278 procul
1009 4201 1046 4260 ab
1068 4202 1128 4260 ista
1149 4201 1214 4260 basi
1237 4209 1385 4278 repertum

61 4321 130 4362 csse
154 4322 249 4379 nuper
270 4302 429 4361 Hennenus
451 4302 551 4362 Rosae
573 4303 700 4380 aliisque
721 4305 869 4378 persuasit
891 4303 976 4378 (aa.
997 4303 1079 4380 166).
1122 4304 1327 4380 quaestionem
1349 4307 1386 4365 de

61 4405 232 4481 supplendo
254 4405 421 4482 fragmento
444 4423 502 4463 nun
524 4406 630 4463 iterum
652 4405 868 4465 retractandam
890 4425 1003 4465 sumam
1026 4405 1068 4482 (v.
1085 4425 1160 4483 quae
1183 4407 1245 4466 dixi
1261 4407 1386 4466 ‹labres-

60 4506 177 4566 bericbt
208 4506 301 4577 1875,
331 4506 493 4582 770sqq.).
537 4515 568 4564 at
596 4507 687 4565 miror
715 4508 795 4584 quod
823 4509 951 4567 editores
981 4506 1051 4567 CIL
1083 4509 1113 4566 in
1142 4509 1296 4568 Addendis
1324 4531 1384 4570 non

58 4608 227 4668 Domitiani
255 4608 308 4666 sed
331 4609 460 4686 Augusti
486 4627 594 4666 nomen
620 4609 834 4668 restituendum
864 4613 921 4670 rati
943 4629 1048 4686 parum
1070 4621 1274 4687 exaequarunt
1295 4614 1383 4672 trium

58 4710 276 4770 versiculorum
304 4711 436 4788 priorum
465 4711 563 4787 spatia
591 4713 690 4789 spatio
712 4713 818 4784 ultimi,
846 4714 882 4771 de
908 4731 968 4789 quo
995 4713 1161 4790 supplendo
1183 4714 1311 4773 dubitari
1333 4734 1383 4773 ne-

57 4813 133 4890 quit.
178 4830 267 4888 quam
295 4831 356 4870 rem
379 4811 550 4885 Hennensis,
580 4833 645 4872 cum
668 4814 796 4889 primurn
819 4835 854 4873 ea
880 4816 916 4873 de
938 4835 969 4874 re
996 4815 1065 4891 egit,
1094 4815 1186 4892 probe
1208 4815 1382 4874 aestimave-

55 4925 113 4973 rat.
158 4915 260 4990 itaque
282 4915 355 4973 satis
377 4913 471 4972 habeo
493 4914 695 4990 inscriptionis
716 4916 913 4994 fragmentum
939 4937 1004 4978 cum
1028 4918 1235 4996 supplemento
1257 4925 1381 4996 utroque

57 5016 181 5076 lectoris
203 5017 298 5075 oculis
320 5017 425 5075 iterum
449 5017 591 5080 subicere.
