3516 5828
308 476 376 544 162
898 491 1045 550 utronea

386 669 429 728 Ut
450 671 540 748 plena
555 673 687 730 omnium
711 671 827 748 sylloge
849 683 970 749 paretur
989 675 1164 749 priusquam
1188 674 1225 731 ad
1241 675 1447 750 quaestionem
1463 677 1639 734 universam

304 773 400 830 denuo
424 774 608 832 tractandam
631 774 809 852 procedatur
831 793 903 833 sane
926 776 1088 851 optandum
1111 785 1167 834 est.
1208 777 1327 834 Interea
1348 778 1463 835 iurabit
1484 778 1533 836 hio
1555 797 1642 837 com·

303 894 470 934 memorare
493 887 715 935 monumentum
739 879 802 936 eius
824 879 933 937 classis
959 897 1058 951 unum,
1086 897 1145 953 quo
1174 880 1398 937 memorabilius
1425 880 1541 938 nullum
1564 881 1643 938 haec

305 987 439 1052 tempora
461 979 600 1038 tulerunt.
910 971 913 978 ’

388 1081 470 1151 Tria,
494 1091 527 1139 ut
548 1082 618 1140 olim
642 1084 779 1158 exposui,
803 1083 862 1141 iam
885 1091 956 1140 nota
978 1091 1063 1140 erant
1085 1083 1224 1159 exempla
1246 1093 1427 1142 tesserarum
1450 1084 1487 1142 ab
1510 1085 1640 1160 reliquis

305 1183 464 1258 sexaginta
485 1183 553 1260 plns
576 1186 673 1242 minus
696 1185 817 1242 diversa
839 1205 884 1256 eo,
907 1185 986 1261 quod
1008 1185 1127 1243 titulum
1150 1185 1238 1262 plene
1261 1187 1460 1262 perscriptum
1480 1187 1641 1258 exhibent,

304 1303 392 1358 quern
414 1285 484 1342 illae
512 1286 696 1362 compendiis
724 1297 839 1345 tantum
867 1288 1011 1363 scripturn
1034 1289 1152 1346 habent.
1196 1289 1244 1346 Ab
1265 1289 1323 1359 his,
1350 1307 1426 1364 quae
1452 1290 1644 1365 perscriptae

305 1393 382 1456 sunt,
411 1388 588 1460 repetendos
615 1405 682 1446 esse
716 1389 971 1464 interpretationis
1002 1401 1128 1449 conatus
1155 1408 1258 1449 omnes
1285 1390 1475 1450 manifestum
1502 1401 1558 1449 est.
1606 1391 1643 1448 In

304 1488 365 1545 illis
380 1489 459 1546 enim
475 1489 513 1546 ad
528 1491 705 1565 gladiatoris
728 1510 835 1548 nomen
858 1492 936 1549 solet
951 1491 1020 1550 addi
1043 1493 1220 1550 vocabulum
1240 1493 1384 1570 scriptum
1400 1512 1434 1568 sp
1450 1493 1645 1570 saepissime,

304 1591 401 1648 rarius
422 1609 472 1666 spe
500 1600 551 1650 aut
573 1603 662 1666 spect,
692 1593 784 1650 semel
808 1592 846 1668 (si
870 1593 943 1652 fides
964 1594 1102 1652 habenda
1123 1595 1272 1672 exemplo,
1296 1605 1329 1653 ut
1350 1595 1475 1668 videtur,
1499 1605 1645 1653 accurate

304 1692 444 1770 excepto)
457 1703 572 1768 spectat,
589 1694 668 1770 quod
681 1705 749 1771 post
761 1695 837 1753 alios
851 1695 1034 1756 Ritschelius
1050 1697 1237 1773 potissimum
1250 1716 1307 1756 nos
1323 1697 1410 1756 iussit
1421 1696 1456 1754 de
1469 1697 1646 1774 gladiatore.

687 1807 812 1872 spectato
835 1803 906 1857 satie
930 1809 956 1856 et
976 1801 1081 1857 donato
1105 1803 1163 1858 iam
1184 1801 1255 1857 rude

304 1917 369 1957 cum
392 1898 519 1956 Horatio
542 1900 684 1976 accipere.
729 1897 842 1958 Contra
863 1902 894 1959 in
917 1903 1000 1962 hisce
1022 1905 1160 1978 spectac-it
1182 1902 1381 1979 perscriptum
1404 1911 1463 1960 cst:

391 2087 416 2141 1.
854 2104 874 2144 n
895 2105 940 2147 ιο
958 2104 977 2148 c
997 2105 1012 2146 ι
1033 2105 1083 2148 ss

884 2207 905 2246 v
921 2207 936 2248 ε
952 2207 970 2250 c
987 2209 994 2248 ι
1011 2208 1050 2248 ιι

855 2309 1080 2352 srrcravrr

854 2411 1082 2452 nov-resae

392 2577 515 2638 Gnoson
539 2579 621 2638 solus
644 2579 776 2638 servavit
798 2580 881 2656 (inde
903 2563 1022 2639 Rilschl
1045 2600 1073 2638 n.
1091 2578 1172 2654 l70).

389 2764 416 2824 2.
821 2782 994 2824 erronvsvs
1021 2781 1120 2823 rear-:m

888 2883 1053 2926 srecravrr

390 3055 425 3112 ln
447 3053 591 3112 lateribus
614 3055 732 3112 duobus
754 3054 878 3129 reliquis
903 3054 1016 3111 tridens
1040 3063 1067 3111 et
1089 3055 1207 3129 palmae
1230 3071 1330 3112 ramus
1353 3051 1439 3110 incisi
1462 3060 1541 3108 sunt.

389 3156 583 3215 Tomasinius
607 3166 636 3215 et
658 3157 821 3232 Pignorius
845 3165 1039 3216 servaverunt
1061 3155 1144 3232 (inde
1167 3153 1201 3214 C.
1219 3156 1244 3213 I.
1262 3155 1298 3213 L.
1321 3155 1335 3212 I
1357 3175 1385 3231 p.
1404 3149 1498 3224 200b3
1522 3153 1647 3211 Ritscbl

306 3278 335 3314 n.
352 3255 433 3333 Ἣ).

391 3425 419 3482 3.
825 3441 990 3485 raorrmvs
1017 3443 1120 3484 raram

891 3543 1057 3588 srecravrr
1164 3591 1167 3596 ,

928 3646 949 3687 ιι
974 3659 980 3674 -
1005 3647 1019 3689 s

394 3795 463 3852 Vidi
486 3813 541 3873 ego
564 3797 595 3853 in
609 3815 712 3855 museo
727 3797 904 3855 Britannico
926 3806 956 3854 et
978 3796 1056 3854 edidi
1080 3809 1135 3853 act.
1152 3795 1237 3854 acad.
1253 3795 1352 3853 Berol.
1369 3803 1488 3852 menstr.
1513 3811 1540 3850 a.
1561 3791 1640 3850 lact

306 3919 335 3976 p.
354 3896 430 3968 7623
453 3918 471 3974 a
493 3898 660 3956 Wieselero
682 3909 834 3976 acceptam
855 3897 1041 3957 Ritsohelius
1064 3915 1139 3956 mus.
1163 3898 1258 3956 Rheu.
1282 3916 1309 3955 a.
1335 3895 1413 3955 1866
1440 3915 1469 3972 p.
1486 3894 1557 3952 469.

390 3999 429 4059 N.
446 3997 477 4059 S.
501 4007 547 4059 est
569 4004 652 4058 aonia
676 4000 830 4060 Sextilibus
853 4009 904 4059 aut
927 3998 1146 4077 Septembribus.

390 4101 539 4160 Pilomusi
567 4111 597 4160 et
617 4101 753 4161 Protemi
780 4112 910 4162 tesseras
938 4103 1086 4161 sermonis
1109 4110 1139 4159 et
1163 4102 1350 4159 litteraturae
1371 4100 1467 4157 forma
1489 4099 1639 4176 (inprimis

309 4208 331 4260 Ρ
355 4193 497 4280 angulata
526 4213 555 4261 et
582 4223 705 4280 prorsus
739 4206 855 4282 aperta)
890 4206 1003 4263 liberae
1029 4205 1072 4262 rei
1100 4203 1237 4280 publicae
1269 4202 1456 4279 temporibus
1485 4201 1637 4278 adsignat3

310 4305 429 4364 Dioclis
452 4305 570 4364 videtur
591 4307 739 4365 recentior
761 4323 837 4364 esse.
881 4308 909 4364 A
924 4306 1089 4365 Ritschelio
1112 4306 1269 4364 damnatas
1289 4323 1392 4363 omnes
1408 4309 1531 4380 propter
1544 4303 1639 4380 ipsam

308 4411 446 4484 spectavit
466 4407 591 4466 formam
608 4408 758 4467 vindicare
778 4408 850 4466 olim
872 4409 931 4465 iam
951 4416 1075 4466 conatus
1099 4425 1165 4464 sum
1180 4407 1265 4466 nisus
1280 4406 1414 4465 Protemi
1437 4413 1554 4464 tessera
1575 4403 1638 4461 sola

307 4519 369 4568 tum
388 4511 557 4587 superstite.
602 4510 681 4568 Ecce
697 4518 837 4586 quartum
852 4529 947 4585 nuper
962 4510 1091 4569 accessit
1105 4509 1276 4585 exemplum
1297 4508 1422 4585 reliquis
1445 4505 1638 4564 simillimum.

392 4612 511 4671 Etenim
528 4610 652 4670 Corneti
674 4613 705 4670 in
729 4613 837 4672 veteris
854 4612 1038 4687 Tarquiniae
1060 4612 1130 4684 situ,
1155 4631 1242 4687 quem
1265 4611 1359 4670 luisse
1381 4617 1489 4686 putant
1510 4608 1640 4666 locorum

309 4717 406 4792 periti,
428 4716 458 4772 in
480 4714 604 4792 praedio
627 4713 705 4772 dicto
724 4713 987 4775 erectaerecta
1008 4714 1085 4771 inter
1107 4715 1216 4772 rudera
1237 4713 1341 4790 templi
1357 4711 1544 4786 aliorumque
1563 4707 1640 4766 aedi·

307 4817 442 4876 liciorum
464 4824 648 4876 vetustorum
671 4817 727 4874 hoc
748 4818 817 4892 ipso
834 4835 912 4874 anno
929 4813 1210 4874 MDCCCLXXVI
1227 4825 1346 4891 reperta
1365 4823 1421 4882 est,
1444 4821 1477 4870 ut
1497 4811 1589 4870 didici
1603 4829 1639 4866 ea

308 4919 505 4979 relationibus
528 4937 547 4975 a
567 4917 696 4994 Iosepho
718 4918 872 4978 Fiorelli
895 4918 1031 4978 collectis
1058 4927 1087 4976 et
1114 4916 1245 4992 editis1),
1267 4927 1383 4975 tessera
1404 4931 1505 4986 ossea,
1527 4913 1639 4972 formae

385 5105 408 5168 ¹)
428 5104 529 5157 Notata
549 5105 619 5172 deplt
636 5107 709 5157 scaci
730 5105 759 5156 dt
777 5105 900 5158 martiro
919 5107 1070 5159 coraunicute
1090 5106 1145 5158 ulla
1164 5105 1196 5157 tt.
1220 5103 1372 5156 Accademr'a
1391 5102 1434 5154 elei
1451 5099 1551 5164 Linea,
1578 5095 1639 5151 Feb·

310 5193 382 5266 brojo
404 5195 476 5248 1876
496 5198 605 5262 (Romae
628 5198 697 5251 1876
718 5199 755 5261 4.)
775 5217 800 5266 p.
818 5202 860 5252 19.
