3496 5828
348 541 393 610 18
897 557 1118 609 onnnuanne

428 732 468 790 ll.
514 730 622 790 Codex
645 731 842 789 Paestanum
865 732 1060 808 Augustanus
1083 730 1188 790 net?
1213 729 1265 806 (cf.
1290 729 1321 788 C.
1344 730 1372 787 I.
1395 729 1428 786 ll
1450 748 1478 804 p.
1501 729 1573 806 Vl).
1618 731 1683 789 An·

345 836 458 911 tiquum
483 834 516 910 (s.
534 828 684 892 51-54‘.
708 828 853 910 58'-59)
877 833 1031 910 excipiunt
1051 832 1152 908 (1.59.
1176 827 1238 907 59¹)
1260 831 1339 890 tituli
1367 831 1508 908 ¹tredecim
1537 833 1603 890 sine
1625 832 1681 890 du·

345 938 395 994 bio
418 936 538 994 aliunde
561 936 676 1012 accepti
699 935 780 1011 (vide
806 936 835 995 0.
859 935 885 994 I.
909 935 941 992 Il
962 955 992 1012 p.
1016 933 1065 993 23.
1089 934 1144 1010 53)
1168 932 1378 994 Cordubenses
1401 934 1563 1010 Astigitani
1586 933 1681 993 Olisi-

345 1057 494 1115 ponenses
517 1037 730 1096 Emeritenses.
1398 1043 1403 1053 ’

429 1141 488 1199 ΙΙΙ.
532 1138 638 1201 Codex
661 1137 780 1200 stum
801 1138 988 1198 Veronensis
1012 1139 1059 1213 (C.
1083 1139 1110 1196 I.
1133 1137 1165 1196 II
1186 1157 1214 1216 p.
1238 1139 1309 1214 Vl).

427 1242 481 1302 IV.
526 1240 631 1300 Codex
659 1241 922 1300 Frnounnnmues
951 1241 1040 1299 mode
1073 1250 1322 1300 commemoratus
1354 1242 1530 1300 chartaceus
1564 1241 1681 1300 formae

346 1345 550 1418 duodecimae,
574 1344 704 1421 scriptus
726 1344 849 1402 omnino
870 1345 901 1402 in
924 1343 1022 1402 ltalia.
1067 1345 1162 1401 Aetas
1185 1345 1249 1402 eius
1271 1343 1410 1402 definitur
1437 1363 1503 1402 cum
1526 1343 1681 1420 epitaphio

347 1446 532 1505 Ferdinandi
555 1445 586 1503 ll
613 1446 785 1522 Aragoniac
812 1446 905 1522 regis,
933 1445 985 1521 qui
1014 1443 1142 1504 decessit
1168 1463 1195 1504 a.
1222 1445 1312 1516 1516,
1339 1445 1420 1521 quod
1448 1445 1558 1521 legitur
1584 1445 1605 1504 1.
1625 1441 1680 1517 18‘,

344 1556 406 1608 tum
429 1549 547 1607 duobus
570 1549 732 1625 epitaphiis
755 1547 789 1623 (f.
809 1543 884 1605 115¹.
911 1543 994 1623 124‘)
1018 1547 1130 1605 Anonii
1153 1545 1306 1606 Casinatis
1328 1557 1357 1604 et
1379 1546 1599 1606 Anaximandri
1623 1545 1680 1606 Ca-

344 1651 471 1722 sinatis,
493 1669 618 1728 quorum
641 1650 715 1708 illud
738 1668 765 1706 a.
788 1647 866 1708 1512
889 1669 908 1707 a
931 1649 1014 1720 vivo,
1037 1657 1070 1707 ut
1091 1649 1225 1720 videtur,
1247 1649 1316 1707 libri
1339 1649 1460 1708 domiuo
1482 1659 1572 1708 etex
1595 1658 1681 1726 parte

347 1761 468 1812 auctore
492 1753 645 1830 seriptum,
668 1771 695 1809 a.
714 1753 790 1811 1531
816 1760 933 1810 mortuo
955 1751 1023 1827 ipso
1046 1761 1209 1810 correctum
1233 1759 1289 1824 est,
1315 1752 1373 1810 lroc
1395 1760 1520 1828 epatre
1541 1751 1606 1810 filio
1629 1770 1680 1828 po

344 1855 434 1914 situm
458 1855 586 1914 refertur
601 1855 640 1913 ad
661 1873 688 1913 a.
708 1853 796 1912 1511.
834 1851 894 1912 Hic
915 1853 991 1912 liber
1005 1853 1280 1912 Tarraconensium
1302 1853 1455 1912 titulorum
1480 1854 1588 1912 seriem
1611 1871 1680 1910 cen·

344 1958 420 2016 tinet
440 1957 461 2015 1.
478 1957 616 2015 31-44:
640 1955 825 2034 interpositis
847 1955 932 2014 Italis
960 1963 1125 2032 sequuntur
1147 1956 1263 2014 Baetici
1291 1973 1358 2014 curn
1386 1955 1566 2032 quibusdam
1589 1953 1679 2014 Lusi-

345 2059 427 2118 tanis
449 2059 469 2116 1.
487 2055 636 2117 ts‘-87.
681 2055 770 2132 Quod
796 2058 967 2134 exemplum
994 2059 1025 2116 in
1052 2057 1099 2115 his
1122 2076 1200 2133 quae
1221 2057 1306 2134 ponit
1332 2076 1391 2116 non
1414 2057 1512 2116 minus
1535 2076 1625 2134 quam
1648 2058 1679 2115 in

344 2162 388 2220 eis
411 2179 487 2237 quae
510 2162 621 2220 omittit
642 2159 867 2219 accuratissime
890 2181 955 2218 cum
978 2160 1054 2218 libro
1074 2157 1180 2218 Sanuti
1204 2160 1351 2236 congruit,
1396 2157 1557 2218 Correctus
1579 2169 1680 2218 autem

344 2271 392 2322 est
413 2261 647 2322 Filenardianus
669 2263 706 2322 ad
729 2262 817 2321 fidem
840 2262 953 2320 codicis
975 2261 1111 2333 alicuine,
1131 2257 1192 2338 'qui
1218 2261 1422 2320 recensionem
1446 2281 1463 2319 a
1486 2259 1611 2320 Siedero
1634 2281 1680 2320 re-

343 2374 565 2442 praesentatam
593 2365 741 2435 exhibuit,
769 2364 906 2440 titulique
934 2383 952 2420 a
979 2363 1197 2423 Filouardiano
1224 2373 1253 2422 et
1280 2361 1396 2424 Sanuto
1426 2364 1681 2432 consentientibus

343 2467 448 2524 omissi
471 2467 523 2525 fol.
544 2463 682 2541 182-20,
706 2463 836 2526 22‘-to
860 2473 931 2524 sunt
950 2466 1037 2524 relati
1046 2467 1082 2541 ¹).
1126 2465 1210 2540 Quae
1232 2483 1303 2541 pars
1322 2466 1433 2525 codicis
1448 2485 1515 2524 cum
1538 2467 1682 2542 suppleat

346 2569 552 2628 collectionem
575 2568 596 2627 1.
613 2570 747 2639 31-44,
771 2564 900 2626 tet-87
925 2569 1064 2644 positam,
1088 2567 1276 2627 statuendum
1293 2577 1349 2639 est,
1371 2569 1501 2645 priorem
1516 2569 1595 2626 hanc
1610 2587 1681 2644 par·

343 2681 402 2730 tem
426 2671 598 2748 postillam
622 2671 818 2746 posteriorem
843 2671 982 2748 scriptam
1007 2689 1083 2729 esse.
1128 2668 1185 2729 Cui
1212 2669 1400 2729 coniecturae
1426 2671 1567 2728 foliorum
1594 2671 1679 2729 illius

233 2789 235 2794 “
343 2774 457 2832 codicis
468 2774 545 2832 ratio
560 2773 659 2831 locum
672 2779 750 2830 certe
762 2773 823 2845 dat,
840 2792 907 2831 nam
920 2779 1021 2848 partes
1034 2775 1099 2830 eius
1114 2773 1135 2830 1.
1150 2774 1162 2830 1
1178 2809 1215 2817 -
1225 2767 1272 2830 ³0¹
1284 2783 1314 2831 et
1324 2790 1431 2831 rursus
1447 2773 1466 2830 1.
1478 2770 1631 2832 31-128‘
1640 2805 1680 2816 -

342 2876 448 2952 incipit
469 2885 569 2934 autem
589 2875 610 2933 1.
628 2876 662 2934 31
689 2893 768 2934 nove
789 2875 928 2934 foliorum
950 2875 1140 2952 complicatio
1155 2907 1195 2918 -
1211 2875 1299 2951 quasi
1322 2874 1438 2933 duobus
1452 2893 1507 2953 pro
1522 2876 1680 2934 codicibus

344 2978 448 3036 haberi
464 2995 560 3054 posse
583 2977 692 3036 indicio
715 2987 772 3050 est,
800 2977 880 3052 quod
902 2977 932 3035 in
955 2978 1112 3053 utriusque
1134 2977 1228 3055 partis
1250 2976 1308 3034 fine
1331 2976 1467 3036 videmus
1487 2996 1608 3036 menum
1633 2995 1682 3035 se-

345 3079 482 3152 cundam,
512 3098 572 3156 qua
598 3079 740 3156 adscripti
769 3089 839 3138 sunt
866 3079 944 3138 tituli
973 3079 1100 3138 diversis
1128 3079 1234 3138 Italiae
1258 3077 1436 3155 Galliaeque
1466 3079 1540 3138 locis
1570 3079 1602 3137 in
1625 3099 1682 3138 ora

343 3181 520 3258 plerumque
547 3183 639 3241 maris
667 3181 874 3241 mediterranei
898 3181 1029 3254 collecti,
1056 3182 1093 3240 de
1124 3201 1184 3258 qua
1212 3181 1329 3260 sylloge
1357 3182 1446 3260 plura
1475 3181 1523 3240 hio
1549 3180 1683 3241 dicenda

343 3284 430 3342 nobis
454 3301 513 3342 non
537 3293 616 3343 sunt.

428 3385 590 3445 Adduntur
611 3397 710 3446 autem
733 3387 763 3446 in
784 3387 861 3446 libro
882 3386 1098 3445 Filonardiano
1118 3385 1265 3464 Hispanis
1287 3405 1325 3445 ex
1343 3387 1476 3463 Antiquo
1497 3387 1602 3464 petitis
1626 3407 1684 3447 va·

344 3488 398 3547 riis
421 3488 497 3547 locis
520 3486 711 3564 (1.11-11.
736 3485 881 3548 tet-282
907 3485 963 3549 86‘.
988 3489 1125 3564 88-90)
1148 3488 1217 3561 ulia,
1245 3507 1322 3564 quae
1344 3488 1403 3546 iam
1426 3498 1550 3548 externa
1577 3492 1684 3566 specie

344 3589 466 3649 abillis
488 3589 645 3662 differunt3
673 3591 777 3668 scripti
804 3591 881 3650 euim
905 3598 975 3649 sunt
996 3591 1027 3649 hi
1050 3590 1129 3649 tituli
1152 3591 1287 3667 plerique
1313 3590 1410 3649 literis
1432 3591 1601 3652 uncialibus
1626 3596 1685 3653 ob-

344 3693 530 3769 servatisquc
552 3693 613 3752 fere
636 3693 848 3754 elementorum
872 3694 1178 3766 concatenationibus‚
1201 3709 1278 3770 quas
1301 3693 1452 3770 Antiquus
1475 3693 1593 3752 etiamsi
1617 3715 1685 3756 non

343 3805 514 3853 constanter
536 3797 679 3874 neglexit,
701 3796 855 3856 rarissime
877 3805 976 3856 tamen
1005 3795 1135 3855 exhibet.
1180 3794 1374 3855 Communem
1402 3795 1546 3872 originem
1575 3807 1610 3854 nt
1630 3799 1686 3858 his

342 3897 520 3968 tribuamus,
547 3897 606 3956 iam
634 3898 805 3975 regionum,
834 3899 871 3956 ad
899 3917 974 3975 quas
1003 3898 1167 3975 pertinent,
1194 3898 1302 3957 suadet
1327 3898 1482 3968 vicinitas3
1510 3917 1580 3957 nam
1609 3913 1687 3962 sunt

342 4000 554 4076 inscriptiones
581 4011 716 4080 repertae
739 4000 896 4060 Valentiae
918 4001 1054 4077 locisque
1077 4000 1183 4059 vicinis
1206 4000 1308 4059 Liriae
1330 4010 1360 4059 et
1374 4000 1471 4072 vilar,
1493 3999 1600 4060 deinde
1625 4000 1687 4064 Sa-

344 4171 547 4180 ———.——.-

422 4312 445 4375 ¹)
465 4313 603 4364 Praeterea
622 4311 686 4362 locis
707 4311 774 4361 haud
794 4313 881 4377 paucis
901 4312 1036 4362 emendata
1055 4320 1115 4362 suut
1134 4313 1196 4362 titia
1215 4311 1334 4362 omnibus
1354 4313 1463 4378 Antiqui
1483 4315 1685 4377 exemplaribus
1728 4341 1733 4350 ·

344 4406 499 4467 communia,
527 4420 591 4470 quas
616 4405 786 4454 correctiones
811 4403 843 4452 ad
872 4405 951 4454 alium
975 4405 1073 4454 iontem
1098 4404 1173 4454 nobis
1198 4406 1315 4469 ignotum
1341 4404 1425 4454 redire
1445 4405 1612 4457 statuendum
1633 4419 1684 4460 est.

343 4497 471 4563 Exempla
490 4512 572 4562 pauca
591 4511 703 4562 appono.
741 4497 773 4546 In
793 4497 868 4546 titulo
888 4498 1000 4547 14080
1021 4497 1049 4558 (1.
1065 4497 1108 4546 31.
1129 4495 1187 4558 31')
1212 4497 1291 4546 verba
1310 4497 1399 4546 ultima
1419 4495 1547 4564 Semprou.
1570 4496 1684 4551 Lr'elrm's

344 4589 406 4640 aula
424 4590 553 4654 adscripta
571 4597 638 4650 sunt,
659 4604 724 4653 quac
745 4589 837 4638 desunt
861 4604 913 4638 non
932 4590 1018 4639 miuus
1037 4589 1106 4653 apud
1125 4589 1259 4641 Siedcrum
1279 4602 1355 4654 quam
1378 4590 1404 4639 in
1426 4590 1516 4639 ceteris
1536 4594 1682 4658 exemplis;

343 4681 464 4744 13810,
486 4682 529 4732 ubi
543 4683 655 4734 Sanutus
675 4687 699 4730 et
713 4681 911 4730 Filenardianus
930 4682 979 4731 soli
1000 4682 1146 4746 exemplum
1161 4681 1269 4746 Antiqui
1290 4688 1463 4744 serraverunt,
1484 4683 1529 4747 qui
1547 4699 1571 4732 v.
1589 4686 1605 4733 2
1626 4693 1682 4735 tra·

344 4775 407 4825 dunt
426 4775 463 4824 sie
482 4791 606 4840 trappamo
624 4789 696 4822 erma
716 4772 809 4833 (reama
828 4774 900 4835 San.)
928 4771 1014 4823 altram
1039 4780 1142 4835 loreum,
1169 4781 1311 4823 correctum
1336 4781 1374 4823 est
1398 4790 1499 4824 coccam
1519 4790 1588 4824 orem
1608 4793 1682 4826 strom

336 4864 449 4932 sordem,
470 4881 546 4932 quam
566 4873 636 4930 patet
655 4881 707 4915 uon
727 4880 782 4914 esse
802 4866 907 4915 alteram
928 4867 1040 4916 eiusdem
1061 4867 1174 4931 exempli
1195 4866 1380 4927 recensionem,
1403 4867 1448 4915 sed
1469 4868 1619 4932 exemplum
1640 4869 1682 4918 di·

343 4973 453 5009 versum.
469 4959 548 5008 -Iu
567 4957 717 5022 Saguntinis
735 4957 930 5023 Valentinisque
950 4958 1019 5008 haud
1038 4973 1097 5008 raro
1117 4959 1234 5007 locorum
1254 4957 1425 5008 indicationes
1445 4959 1620 5009 accuratiores
1641 4962 1683 5011 in-

343 5059 382 5101 ter
401 5051 581 5116 corrigendum
601 5049 745 5114 adscriptae
765 5056 831 5110 sunt,
858 5065 965 5116 quarum
985 5051 1058 5116 origo
1081 5050 1150 5100 haud
1170 5051 1223 5099 reio
1243 5065 1277 5100 an
1296 5052 1433 5101 coniuncta
1452 5052 1485 5100 sit
1505 5066 1563 5100 cum
1585 5053 1683 5102 collec-

342 5145 412 5193 tione
438 5143 568 5192 titolorum
595 5141 680 5190 statim
707 5141 942 5204 commemoranda,
968 5157 1044 5206 quam
1071 5143 1139 5192 idem
1160 5141 1242 5192 codex
1263 5141 1376 5204 exhibet,
1399 5143 1425 5193 in
1446 5156 1497 5208 qus
1517 5144 1684 5207 Semurium

342 5234 546 5300 Valentinaeque
565 5233 745 5298 inscriptiones
765 5235 906 5300 principem
926 5234 1009 5285 locum
1030 5243 1125 5285 tenent.
