3488 5828
528 524 602 573 aux
628 523 795 574 munuum
821 521 1071 573 vmascausrs.
1390 503 1458 572 177

129 705 194 770 tur,
216 698 413 774 probavitque
435 697 511 755 hanc
536 715 633 755 meam
661 697 860 756 coniecturam
883 694 1138 767 Buechelerus,
1161 694 1345 770 quiaillud
1367 713 1462 771 prou

128 801 264 876 positum
287 819 326 857 ex
348 819 429 857 more
445 801 568 875 antiquo
590 799 784 875 repetendum
806 799 933 875 putavit,
956 817 1069 856 memor
1091 797 1204 856 seilicet
1227 797 1389 855 lorruarum
1412 817 1461 854 ue-

127 911 282 960 tustarum
305 903 410 978 quales
434 906 648 960 suntaontr'are
663 905 746 960 oacio
766 903 898 977 poplicus
914 919 1014 958 corure
1037 911 1066 957 et
1088 900 1240 972 similium,
1264 919 1340 976 quae
1363 909 1461 956 tamen

132 1005 238 1081 aIIquo
259 1005 349 1063 modo
371 1005 506 1063 diversae
528 1015 606 1062 sunt.
650 1005 722 1061 Alia
744 1015 822 1061 certe
845 1003 1007 1078 explicatio
1029 1022 1087 1060 non
1115 1003 1255 1079 suppetit.

219 1107 364 1182 spretio
387 1126 441 1182 pro
463 1107 580 1166 balneis
603 1106 746 1165 soluendo
769 1106 958 1182 excipiuntur
979 1106 1076 1164 liberti
1099 1105 1141 1178 (v.
1159 1103 1213 1181 23)
1236 1114 1263 1162 et
1287 1106 1366 1163 servi
1387 1102 1461 1162 Cae-

130 1209 213 1267 saris
237 1209 276 1284 (si
298 1218 378 1268 recte
400 1205 457 1268 ho'o
480 1210 711 1287 supplevimus),
741 1209 791 1285 qui
818 1210 847 1266 in
875 1209 975 1266 olfioio
1004 1207 1206 1284 procuratoris
1230 1213 1308 1278 suut,
1338 1217 1370 1264 ut
1390 1225 1460 1264 con-

130 1321 311 1370 seutaneum
333 1321 392 1384 est3
420 1312 446 1370 si
473 1312 649 1389 supplemus
676 1315 779 1388 qur'que
798 1331 880 1386 proc.
903 1315 933 1368 iu
956 1313 1046 1387 officis
1068 1321 1148 1368 erum
1170 1327 1334 1385 servosque
1350 1308 1460 1368 Caesa·

128 1414 177 1470 ris
199 1414 315 1472 abillis
335 1415 558 1502 distinguimus,
584 1415 760 1473 beneficium
782 1414 882 1472 balnei
903 1413 1027 1491 gratuiti
1046 1413 1170 1470 nimium
1192 1412 1308 1470 uidetur
1329 1412 1459 1470 extendi.

134 1513 199 1588 Qui
211 1517 367 1575 commoda
380 1518 547 1594 percipiunt
559 1518 584 1574 ei
601 1535 705 1575 omnes
722 1527 799 1586 suut,
812 1517 919 1592 quibus
935 1515 1046 1573 salaria
1061 1515 1258 1573 honorariave
1274 1515 1431 1572 solvuntur
1443 1533 1461 1570 a

128 1625 335 1694 procuratore.
380 1617 484 1678 GratIs
507 1629 662 1697 praeterea
684 1620 785 1677 lavant
806 1619 984 1694 impuberes,
1008 1636 1089 1675 more
1111 1619 1180 1675 item
1196 1618 1298 1675 urbico
1322 1617 1385 1674 sive
1408 1635 1459 1691 po-

129 1721 196 1778 tius
218 1721 390 1794 universali,
417 1741 504 1798 quern
531 1741 570 1780 ex
589 1721 742 1780 Iuvenalis
764 1721 913 1780 versiculo
935 1719 1063 1795 quodam
1086 1720 1241 1778 notissimo
1269 1721 1328 1778 iarn
1351 1737 1460 1794 cogno-

130 1823 231 1881 vimus
253 1823 322 1898 (sat.
345 1825 377 1882 II
403 1823 459 1884 152
482 1843 532 1883 uec
547 1829 633 1900 paeri
653 1817 770 1884 creduat
787 1828 845 1882 nist
862 1827 913 1900 qui
926 1825 1048 1880 noudum
1071 1841 1136 1880 aare
1152 1821 1309 1897 lavantur),
1332 1821 1460 1896 denique

127 1925 254 1984 milites.
297 1925 414 1986 Habuit
436 1927 526 2003 igitur
548 1928 636 1986 etiam
652 1927 787 1985 militiam
811 1927 941 2003 aliquam
964 1927 993 1984 in
1016 1925 1144 1983 metallis
1167 1925 1205 1982 ad
1227 1942 1332 1983 manus
1354 1943 1459 1999 procu-

127 2037 225 2099 rator,
247 2028 272 2087 si
295 2036 405 2087 certam
428 2048 494 2088 eum
517 2029 547 2088 in
569 2030 626 2088 hac
648 2030 836 2088 metallorum
859 2030 978 2104 regione
1001 2028 1100 2086 aedem
1124 2027 1267 2086 habuisse
1290 2027 1458 2086 statuimus.

129 2129 249 2189 Tamen
276 2131 387 2190 nullam
414 2131 455 2189 ibi
484 2131 515 2190 in
542 2133 650 2191 caetris
677 2133 771 2190 luisse
800 2133 948 2208 legionem
972 2131 1123 2189 cohortem
1153 2130 1231 2188 elam
1254 2140 1380 2189 constat.
1426 2129 1459 2189 Si

128 2243 308 2310 procurator
329 2235 360 2292 In
379 2235 456 2292 hauc
472 2235 659 2293 metallorum
682 2235 843 2312 regionem,
866 2234 946 2310 quod
969 2251 1062 2308 aeque
1085 2233 1154 2290 Iiect
1176 2250 1302 2304 sumere,
1325 2252 1363 2290 ex
1387 2241 1459 2291 tem·

127 2353 205 2410 pore
226 2344 340 2394 tautum
363 2336 549 2408 deuertebat,
575 2337 671 2413 potuit
698 2356 736 2395 ex
759 2335 876 2394 colonia
898 2337 1000 2412 aliqua
1022 2336 1136 2406 vicina,
1164 2335 1193 2392 in
1217 2355 1278 2411 qua
1299 2335 1460 2394 tendebant

128 2437 256 2510 milites,
286 2457 440 2497 numerum
474 2458 576 2498 eorum
610 2458 711 2498 secum
739 2439 855 2498 ducere.
900 2439 935 2496 In
963 2437 1089 2496 coloniis
1119 2439 1208 2496 etiam
1235 2438 1371 2496 militiam
1406 2438 1457 2496 ali-

127 2557 221 2614 quam
243 2541 451 2618 municipalem
474 2542 568 2602 luisse
591 2563 607 2601 e
629 2543 696 2618 lege
719 2540 886 2600 Ursoneusi
909 2541 1080 2610 didicimus3
1108 2539 1143 2598 de
1167 2560 1202 2597 ea
1224 2553 1323 2599 autem
1346 2541 1394 2598 hic
1417 2541 1458 2598 ri-

128 2642 218 2700 detur
239 2644 291 2701 va
313 2644 439 2720 cogitari
461 2662 561 2722 posse.

217 2743 401 2805 Conductori
427 2747 627 2806 instrumenta
653 2747 762 2806 balinei
790 2747 831 2822 (si
863 2757 940 2805 recte
973 2745 1177 2824 supplevimus
1203 2763 1230 2802 v.
1257 2743 1311 2819 24)
1339 2744 1458 2820 aliaque

129 2847 341 2926 adsignantur;
364 2868 400 2906 ea
418 2851 603 2908 conductione
620 2860 742 2926 peracta
764 2849 930 2925 (sollemnIs
949 2850 1023 2906 haec
1039 2848 1156 2906 videtur
1178 2865 1245 2905 esse
1267 2845 1392 2923 locutio)
1413 2848 1457 2905 in-

127 2959 216 3026 tegra
243 2951 398 3010 restituere
425 2953 543 3010 iubetur
569 2954 703 3028 exceptis
729 2971 805 3028 quae
827 2960 976 3010 vetustate
1004 2959 1143 3026 corrupta
1169 2957 1264 3009 erunt.
1309 2948 1458 3010 Secuntur

128 3053 285 3112 cautiones
305 3055 405 3113 variae
427 3055 535 3131 quibus
555 3055 626 3132 quid
649 3054 811 3113 conductor
826 3055 944 3112 balineo
966 3063 1121 3130 praestare
1140 3051 1247 3111 debeat
1268 3052 1376 3128 quidue
1397 3072 1456 3111 nou

127 3154 236 3214 debeat
255 3157 423 3215 accuratius
438 3156 586 3216 definitur.
633 3155 844 3232 Quaecumque
860 3157 1021 3214 conductor
1044 3155 1086 3229 (v.
1104 3155 1157 3230 27)
1179 3155 1210 3212 in
1231 3155 1304 3213 haec
1320 3155 1406 3230 (puto
1426 3156 1458 3213 in

127 3257 227 3316 ahena
247 3259 367 3334 aliaque
390 3259 589 3318 instrumenta
608 3259 731 3334 beliuei)
755 3258 933 3334 impenderit
954 3258 1062 3334 quidve
1081 3257 1186 3316 lecerit
1207 3267 1362 3332 praeterea
1384 3259 1456 3316 bali-

128 3357 180 3416 nei
207 3360 374 3419 exercendi·
393 3379 496 3434 causa,
522 3381 558 3419 ea
584 3361 685 3420 omnia
712 3362 749 3418 de
776 3379 831 3418 suo
853 3373 1008 3438 praestare
1032 3379 1129 3436 neque
1151 3360 1313 3436 quidquam
1336 3379 1390 3436 pro
1413 3361 1456 3419 eis

127 3471 278 3537 reputare,
306 3464 336 3521 id
364 3463 471 3550 estde
499 3483 615 3523 summa
635 3463 791 3540 vectigalis
818 3464 974 3523 detrahere
1000 3463 1125 3522 debebit.
1172 3461 1282 3522 Verum
1310 3473 1408 3521 tarum
1431 3463 1457 3521 si

127 3582 189 3622 nou
211 3582 265 3623 sua
291 3565 379 3642 eulpa
401 3566 442 3642 (v.
460 3564 513 3641 26)
539 3567 701 3624 conductor
727 3585 780 3641 per
807 3565 928 3642 aliquod
955 3573 1072 3641 tempus
1099 3565 1249 3623 balineum
1271 3573 1350 3623 recte
1372 3584 1456 3642 pree-

128 3673 209 3725 stare
231 3686 291 3725 non
313 3668 419 3744 potuit,
446 3685 501 3742 pro
527 3677 593 3727 rata
619 3669 683 3726 eius
710 3670 852 3743 temporis
875 3680 985 3726 certam
1012 3686 1157 3726 summam
1179 3667 1215 3725 de
1239 3667 1382 3742 pensione
1405 3687 1457 3724 an·

127 3787 189 3825 nua
209 3769 365 3848 vectigalis
388 3781 536 3847 reputare,
564 3771 595 3828 id
622 3780 669 3829 est
690 3770 854 3842 detrahere,
877 3771 965 3828 debet
990 3770 1054 3827 sive
1076 3768 1174 3844 potius
1196 3777 1296 3843 potest
1317 3777 1370 3827 aut
1391 3788 1456 3844 per-

126 3869 263 3929 mittitur.
306 3869 413 3948 Neque
436 3891 507 3931 vero
529 3873 711 3932 haerendum
733 3873 763 3930 in
786 3872 912 3932 debendi
931 3872 1095 3942 vocabulo;
1117 3889 1185 3928 nam
1208 3871 1289 3946 quod
1310 3871 1380 3929 licet
1400 3859 1471 3930 ali·¹

126 3971 174 4030 cui
200 3973 307 4046 lacere,
335 3974 367 4032 id
393 3975 483 4033 etiam
509 3975 607 4033 lacere
635 3973 742 4035 debere
774 3975 801 4033 is
827 3975 884 4033 dici
915 3983 1016 4050 potest
1041 3992 1102 4031 non
1128 3973 1237 4048 inepte.
1285 3972 1456 4048 Reputandi

125 4083 225 4132 autem
249 4076 425 4135 vocabulum
453 4095 490 4135 ea
516 4095 575 4152 qua
601 4077 649 4136 hie
675 4078 797 4136 notione
825 4077 1024 4153 computando
1051 4074 1192 4152 opposita
1219 4075 1308 4132 etiarn
1335 4095 1354 4132 a
1380 4076 1455 4134 iuris

126 4177 225 4234 civiIIs
248 4179 419 4236 auctoribus
442 4179 645 4254 usurpatur¹).
690 4180 764 4238 Eam
787 4189 886 4238 autem
906 4180 969 4237 fere
994 4179 1087 4236 luisse
1110 4177 1287 4236 seutentiam
1309 4178 1456 4236 enuntiati

125 4279 224 4337 mutili
251 4281 441 4339 manifestum
472 4289 527 4354 est,
560 4282 596 4340 de
626 4283 725 4342 verbis
757 4283 832 4359 ipsis
866 4293 947 4341 certo
977 4281 1065 4339 modo
1100 4280 1310 4357 recuperandis
1339 4281 1456 4338 uidetur

124 4381 345 4457 desperandum
382 4401 458 4442 esse.
540 4382 625 4457 Quae
662 4393 882 4462 proposuerunt
921 4385 1162 4442 Mommseuus
1205 4382 1454 4442 Buechelerus

124 4481 403 4543 Hirschfeldius
442 4485 507 4561 (qui
540 4494 609 4560 apte
642 4506 815 4564 comparare
848 4488 931 4545 iubet
969 4486 1007 4544 ad
1040 4485 1278 4561 supplementum
1307 4486 1344 4544 ab
1388 4486 1454 4562 ipso

124 4587 313 4662 propositum
339 4587 436 4646 Iocum
463 4588 522 4664 dig.
544 4588 654 4648 XVIII
673 4588 701 4661 6,
719 4587 736 4647 2
760 4589 777 4665 ξ
795 4591 808 4646 1
834 4590 970 4665 aliosque
991 4587 1135 4645 librorum
1157 4588 1230 4647 iurIs
1252 4588 1350 4646 ciuilis
1373 4587 1455 4646 siuri-

124 4687 197 4762 lcs),
220 4687 257 4745 de
284 4697 358 4764 quot
385 4690 543 4767 supplendi
569 4690 667 4749 modis
693 4691 785 4750 variis
815 4692 941 4769 cogitari
962 4690 1062 4768 possit
1082 4689 1223 4750 indicant.
1268 4689 1329 4748 Vix
1355 4699 1454 4747 autem

124 4807 215 4848 causa
245 4791 459 4866 prohibitiouIs
494 4793 526 4850 in
561 4793 646 4852 iussu
681 4793 812 4869 quodam
845 4793 940 4871 ipsius
969 4793 1174 4870 procuratoris
1203 4793 1305 4869 quaeri
1334 4792 1453 4868 poterit.

124 4890 216 4951 Recte
243 4893 322 4953 euim
345 4893 584 4954 Mommsanus
607 4896 779 4955 observavit
800 4913 860 4954 uon
881 4895 968 4954 facile
990 4911 1112 4954 causam
1135 4894 1266 4972 aIIquam
1289 4893 1452 4971 excogitari

199 5207 224 5274 ¹)
262 5210 330 5262 Vide
349 5211 509 5263 Dirkseni
529 5215 649 5264 manuale
667 5214 813 5265 Latinitatis
832 5215 942 5264 fontium
963 5215 1025 5264 iuris
1045 5214 1126 5264 civiIIs
1146 5213 1322 5265 Romanorum
1342 5227 1362 5262 s.
1382 5228 1405 5260 v.
