3488 5828
380 521 544 574 srtnoan
572 522 865 574 rusomrrronvn
891 523 976 575 soar
1002 523 1158 575 nouam.
1359 504 1429 574 241

96 697 182 773 ponii
204 695 293 754 Laeti
323 705 455 772 tempore
477 715 544 755 cum
566 698 634 755 aliis
657 697 809 772 lapidibus
832 699 871 756 ad
893 695 1030 760 Castoris
1053 705 1220 757 extractum
1243 715 1318 757 esse.
1362 717 1431 758 nam

96 799 178 874 quod
205 799 240 856 ir.
264 797 280 856 1
302 818 361 856 non
389 800 525 875 potuisse
552 799 602 856 diu
629 819 684 877 pro
711 800 806 876 gradu
833 799 977 859 ecclesiae
1004 800 1105 873 inisse,
1136 800 1247 878 quippe
1269 800 1348 877 quod
1370 821 1431 860 non

95 901 187 960 nimis
209 900 350 959 detritum
374 901 426 972 sit,
453 921 489 960 ea
514 901 702 960 ratiocinatio
731 902 836 961 nititur
857 903 1038 961 Panriniani
1064 903 1227 962 testimonii
1255 903 1314 960 fide
1340 922 1429 978 quam

97 1011 268 1080 suspectam
284 1021 351 1062 esse
366 1003 478 1061 monui.
523 1022 599 1079 quae
615 1013 714 1062 autem
734 1004 945 1081 inscriptiones
961 1004 1048 1064 Laeti
1071 1013 1204 1082 tempore
1220 1024 1280 1064 iton
1296 1006 1334 1063 ad
1348 1005 1429 1065 latus

97 1107 203 1183 templi
225 1107 278 1164 sed
296 1115 367 1182 post
385 1105 528 1182 templum
544 1107 716 1166 eruderatae
733 1115 811 1178 aunt,
828 1125 879 1167 eas
895 1125 961 1166 esse
977 1125 1036 1166 uon
1051 1125 1142 1185 posse
1164 1107 1312 1166 fastorum
1327 1117 1428 1183 partes

95 1209 157 1267 iam
184 1209 403 1268 demonstrabo.

180 1309 315 1369 Primum
336 1310 428 1386 igitur
450 1319 568 1369 constat
584 1330 620 1370 5ο
643 1311 812 1370 testimonio
828 1313 907 1388 quod
923 1313 961 1370 ad
976 1314 1065 1371 huius
1082 1310 1155 1389 Syll.
1172 1333 1201 1371 n.
1218 1311 1257 1371 93
1281 1313 1427 1391 adscripsi

92 1413 296 1489 Pomponium
324 1413 426 1471 eodem
455 1431 514 1488 quo
540 1413 689 1472 Iucundos
718 1425 865 1490 temporo,
893 1415 921 1473 ll.
946 1436 971 1474 e.
994 1434 1021 1472 s.
1048 1415 1141 1487 1499,
1175 1415 1288 1474 vidisse
1321 1415 1426 1474 titulos

92 1517 243 1592 virginum
258 1515 436 1586 Vestalium,
461 1519 669 1592 cpiprammata
691 1527 804 1592 reperta
819 1521 847 1575 in
867 1536 980 1593 pronao
1004 1518 1099 1594 templi
1117 1519 1217 1576 Vestae
1238 1518 1289 1576 aab
1305 1517 1424 1576 Palatio

93 1627 196 1676 contra
211 1620 311 1693 soram
332 1636 489 1689 romanam,
512 1618 619 1694 quibus
642 1619 742 1678 verbis
764 1620 904 1695 quoniam
927 1620 1071 1696 templum
1086 1618 1198 1679 Vestae
1221 1620 1287 1678 sola
1309 1620 1426 1678 coniec-

93 1731 163 1780 tura
190 1741 225 1779 55
251 1719 317 1778 1555
346 1719 439 1778 151555
467 1720 576 1778 dicitur
603 1721 652 1778 ubi
678 1729 798 1798 reperta
823 1731 893 1780 sunt
921 1722 1149 1798 epigrammata,
1173 1741 1278 1799 parum
1301 1721 1424 1780 deloco

91 1823 200 1901 profici
222 1829 453 1881 consentaneum
476 1833 534 1881 est:
559 1831 590 1880 at
605 1823 702 1881 omnis
722 1824 868 1882 dubitatio
892 1823 1006 1882 tollitur
1020 1823 1149 1882 Iucundi
1170 1824 1339 1882 testimonio
1361 1833 1425 1883 ante

93 1925 152 1985 SS.
184 1923 303 1983 Coamae
332 1933 358 1982 el
385 1925 526 1983 Damiani
553 1926 618 1983 sola
646 1927 785 1984 mediante
814 1929 861 1984 cia
890 1930 920 1984 in
949 1927 1074 2002 quodam
1104 1926 1292 1986 harundineta
1322 1925 1425 1985 eadem

91 2029 251 2086 eruderata
273 2044 339 2086 esse
362 2027 498 2099 dicentis,
522 2027 578 2085 boc
600 2035 647 2085 551
668 2036 764 2099 5515,
786 2046 846 2086 555
869 2037 953 2104 post
975 2029 1116 2104 templum
1132 2027 1281 2088 Castoris.
1320 2041 1424 2086 contra

90 2131 196 2189 eodem
220 2128 392 2188 55551499
416 2129 505 2187 etiam
528 2139 613 2204 post
634 2130 778 2205 templum
794 2131 944 2189 fossorum
966 2131 1114 2189 industria
1128 2149 1279 2190 marmora
1294 2131 1425 2189 litterata

91 2251 109 2290 e
132 2241 212 2290 terra
234 2239 369 2290 extracta
391 2241 470 2290 sunt.
514 2251 572 2307 qua
595 2233 631 2290 da
653 2251 685 2290 re
700 2233 887 2309 Pomponius
910 2233 941 2292 in
964 2233 1142 2311 compendio
1164 2252 1308 2292 romanae
1330 2233 1424 2292 histo·

90 2335 155 2392 riae
177 2335 233 2392 hoc
255 2353 334 2392 anno
358 2333 484 2410 primum
507 2333 587 2392 edito
611 2333 653 2410 (v.
670 2335 708 2392 ad
729 2355 758 2394 n.
775 2335 828 2411 93)
851 2336 881 2394 15
903 2336 966 2394 vita
980 2335 1068 2394 Decii
1083 2337 1157 2395 haec
1178 2336 1283 2394 habet:
1306 2337 1423 2394 incede

93 2437 223 2496 Castoris
245 2445 270 2494 et
284 2435 416 2494 Pollucis
438 2440 468 2494 in
486 2445 572 2512 parte
586 2439 653 2512 sori
674 2440 785 2494 canani
807 2455 904 2496 versus
921 2437 1070 2496 Palatium
1091 2441 1172 2498 cuias
1194 2441 1315 2514 cestipia
1338 2438 1424 2512 effodi

88 2539 221 2597 viduans.
266 2538 380 2596 scilicet
405 2537 443 2594 ab
471 2539 575 2596 eodem
598 2538 767 2615 Pomponio
789 2540 978 2598 Albertinius
1005 2541 1041 2599 de
1069 2541 1171 2598 eadem
1199 2560 1230 2598 re
1253 2541 1421 2599 accuratius

87 2641 213 2700 edoctus
229 2658 255 2698 a.
272 2640 351 2700 1510
368 2640 410 2698 515
426 2647 552 2698 testatur
567 2639 715 2716 (sylloges
731 2641 883 2699 Mazocch.
900 2661 926 2700 a.
944 2639 1020 2700 1523
1038 2641 1057 2699 1.
1070 2641 1264 2718 xxx1vv):
1287 2641 1419 2717 templana

92 2741 224 2801 Castoris
246 2752 271 2800 ct
292 2741 422 2802 Pollucis
444 2745 474 2799 in
495 2746 545 2800 via
566 2759 652 2802 sacra
675 2743 726 2801 Fo.
742 2744 797 2801 Ro.
820 2745 872 2802 aab
890 2743 1005 2818 palatio
1026 2745 1075 2802 udi
1096 2763 1170 2802 nanc
1191 2753 1233 2802 est
1254 2743 1420 2802 tabernacu-

86 2845 146 2903 lam
162 2844 242 2921 Virp.
265 2844 324 2920 (air
345 2844 381 2903 ed
403 2863 430 2902 a.
457 2843 550 2920 1510)
574 2846 618 2902 acl
635 2847 853 2921 ponticulum
875 2849 905 2903 in
927 2864 982 2922 quo
1005 2846 1066 2904 loco
1089 2846 1192 2920 effossa
1206 2847 1292 2920 ficere
1313 2849 1420 2904 uesti-

82 2952 146 3024 pia
167 2965 228 3006 cant
249 2946 361 3005 duabus
385 2947 490 3006 tabulis
517 2951 682 3006 clermareis
708 2948 884 3006 dedicat-iane
911 2950 1003 3024 ipsias
1031 2956 1098 3006 teste
1119 2967 1218 3023 pomp.
1248 2947 1319 3006 letae
1345 2947 1418 3024 (sic)

86 3054 139 3126 qni
165 3068 213 3108 aas
240 3051 346 3108 cidisse
369 3050 506 3124 asfirntat.
549 3050 622 3107 haec
650 3049 676 3108 si
704 3049 834 3126 pendent
859 3069 878 3108 a
899 3050 997 3108 verbis
1019 3049 1186 3125 compendii
1209 3049 1420 3127 Pomponiani,

86 3161 214 3230 apparet
236 3171 295 3210 non
316 3150 443 3210 Laetum
467 3150 520 3210 sed
541 3151 744 3210 Albertinium
768 3151 883 3210 tabulas
905 3152 974 3211 illas
998 3152 1120 3224 vidisse,
1142 3153 1220 3211 buno
1242 3161 1340 3212 autem
1363 3171 1420 3212 sua

85 3253 305 3332 Pomponianis
328 3255 537 3326 admiscuisse3
561 3256 586 3312 51
610 3254 647 3311 ab
670 3253 797 3331 epistula
820 3254 922 3330 aliqua
942 3254 1029 3312 Laeti
1051 3256 1192 3330 pendent,
1214 3254 1290 3314 vidit
1304 3253 1417 3314 Laetus

85 3376 177 3434 quam
203 3357 392 3415 Albertinius
420 3355 490 3413 dicit
517 3355 748 3415 dedicationem:
779 3365 846 3415 5151
868 3367 927 3430 551,
955 3375 1010 3434 ego
1038 3357 1074 3415 de
1101 3357 1286 3417 dedicatione
1308 3357 1351 3416 ibi
1372 3379 1418 3417 re·
1483 3417 1490 3426 ,

84 3468 173 3538 perta
204 3458 308 3517 dubito
341 3459 379 3515 ob
412 3475 518 3516 causas
552 3477 603 3517 eas
638 3477 713 3535 quas
747 3478 824 3518 nunc
856 3478 1014 3535 exponam.
1059 3461 1112 3518 sed
1134 3460 1263 3536 primum
1285 3462 1418 3520 omnium

84 3561 240 3621 sciendum
262 3562 366 3619 eodem
389 3559 455 3619 loco
478 3561 629 3619 inventum
653 3579 721 3620 esse
744 3581 770 3620 a.
791 3562 1003 3620 154911151515
1019 3563 1209 3621 notissimum
1226 3561 1293 3622 CIL
1311 3562 1339 3636 6,
1357 3563 1417 3622 804

84 3679 284 3725 voarvnnvs
308 3665 312 3739 1
340 3678 533 3722 censorinus
557 3679 755 3723 cloccarium
778 3665 1012 3740 5515555151,
1034 3667 1149 3739 insero
1170 3683 1288 3724 romano
1307 3683 1416 3742 prope

81 3765 306 3844 ponticulum
328 3773 393 3823 ante
415 3765 576 3843 aedificium
598 3765 1096 3840 11151155555515155555515155
1115 3776 1221 3841 putant
1243 3766 1300 3841 (ita
1313 3767 1416 3843 Pigh.)

85 3871 152 3928 sive
178 3869 266 3926 medio
293 3870 366 3925 inter
392 3868 538 3925 columnas
568 3869 663 3942 templi
690 3867 762 3924 Iulii
795 3867 828 3940 (i.
856 3888 881 3926 e.
910 3866 1062 3943 Castoris)
1097 3869 1193 3926 aedem
1224 3887 1247 3926 s.
1277 3868 1417 3926 Theodori

83 3972 212 4048 spondas
240 3969 352 4028 Palatii
379 3971 497 4027 maioris
525 3979 550 4027 et
578 3969 673 4028 ltortos
697 3969 908 4028 Consolationis
937 3973 1030 4046 spatio
1053 3969 1111 4045 (ita
1133 3967 1369 4045 Smetius),.ubi
1390 3979 1416 4026 et

82 4077 147 4132 ciac
169 4081 277 4132 stratae
299 4072 393 4131 silices
416 4081 441 4129 et
464 4071 551 4130 altius
571 4073 717 4148 fodientes
745 4091 848 4148 aquam
870 4075 962 4130 nicam
984 4075 1113 4130 invenere
1136 4071 1193 4147 (ita
1214 4071 1279 4130 cod.
1295 4071 1415 4130 Waels·

84 4174 181 4253 cap.):
210 4173 287 4232 unde
316 4174 427 4232 factum
450 4183 482 4231 51
504 4175 534 4231 15
561 4174 658 4232 forma
680 4174 777 4233 locum
801 4183 938 4233 accurate
960 4175 1092 4233 indicare
1113 4173 1271 4250 potuerim.
1314 4173 1415 4248 itaque

80 4275 213 4336 ‘tabulae
239 4277 327 4335 binae
357 4271 553 4334 marmoreae’
584 4286 670 4353 post
700 4276 842 4352 templum
872 4274 1008 4336 Castoris
1038 4275 1177 4334 inventae
1204 4282 1284 4333 sunt.
1332 4277 1415 4351 atqui

82 4379 218 4457 epistylii
244 4378 328 4438 aedis
351 4378 531 4437 Tiberianae
558 4388 611 4437 aut
632 4377 823 4437 Domitianas
847 4389 946 4454 partes
981 4377 1141 4455 inscriptas
1169 4377 1220 4436 vix
1246 4377 1415 4455 putaverim

82 4482 122 4540 ab
146 4482 244 4540 antica
265 4481 296 4539 15
320 4481 467 4557 posticam
491 4490 614 4556 partem,
637 4482 727 4540 immo
751 4491 798 4540 sat
819 4481 907 4558 longe
923 4482 960 4539 ab
982 4480 1050 4556 ipso
1073 4479 1185 4556 templo
1207 4497 1274 4539 esse
1297 4480 1414 4540 ablatas

81 4595 173 4660 atque
206 4585 237 4641 in
270 4583 338 4660 ipsa
365 4583 413 4640 via
439 4583 598 4641 derelictas
629 4601 723 4658 neque
753 4583 842 4641 facile
869 4584 1031 4660 quisquam
1058 4583 1204 4642 tabulas
1231 4603 1414 4642 marmoreas

80 4685 235 4745 vocaverit
256 4703 333 4743 saxa
354 4685 488 4761 ingentia
509 4685 544 4742 de
574 4685 713 4760 epistylio
736 4684 859 4744 deiecta.
904 4685 956 4744 sed
985 4685 1060 4743 unde
1084 4685 1207 4746 suborta
1229 4684 1325 4743 Laeto
1348 4703 1413 4744 sus·

78 4787 161 4865 picio
187 4787 304 4846 tabulas
331 4787 402 4846 illas
431 4787 580 4862 pertinere
602 4786 641 4844 ad
668 4787 773 4845 aedem
797 4786 944 4861 Castoris,
972 4788 1057 4846 cuius
1085 4787 1160 4846 situs
1189 4795 1258 4845 tunc
1285 4788 1328 4846 ita
1354 4805 1413 4845 non

80 4889 221 4965 cognitus
247 4889 318 4961 fuit,
345 4899 378 4947 ut
399 4889 510 4948 Laetus
537 4888 632 4947 tribus
660 4889 817 4962 columnis,
847 4910 923 4966 quae
945 4898 1015 4950 eunt
1036 4889 1142 4965 ipsius,
1166 4889 1332 4948 Domitiani
1354 4898 1413 4947 sta·

79 5001 162 5049 tuam
185 4991 357 5066 impositam
378 4990 473 5050 151555
494 4990 595 5068 inepte
617 4992 776 5052 coniecerit
801 4993 894 5052 libelli
917 4993 953 5050 de
976 4999 1120 5052 vetustate
1144 4991 1227 5048 urbis
1251 4991 1291 5065 (si
1314 4999 1412 5048 tamen

78 5101 125 5152 551
150 5091 253 5168 Laeti)
280 5112 307 5151 a.
334 5093 412 5152 1515
440 5093 545 5152 iterum
573 5095 644 5152 editi
671 5095 692 5152 f.
717 5094 774 5152 pap
803 5095 974 5155 memineris
1002 5093 1081 5152 111511
1108 5113 1126 5150 5
1153 5089 1252 5152 Sartio
1282 5092 1411 5168 primum

76 5194 151 5254 editi
173 5195 225 5270 qui
251 5195 327 5256 inter
348 5194 559 5254 Henzenianos
582 5193 689 5273 Suppl.
712 5198 751 5256 ad
774 5195 827 5256 Or.
851 5206 898 5257 est
920 5217 949 5256 n.
967 5196 1058 5255 5755.
1102 5195 1182 5253 hunc
1204 5194 1411 5254 Mommsenus

76 5297 122 5354 ita
143 5297 318 5359 restituerat
339 5295 444 5372 (Arch.
469 5297 596 5374 Zaitung
621 5297 699 5356 1846
722 5317 750 5374 p.
769 5297 856 5374 11711
