3516 5828
410 521 543 573 senar.
564 523 668 574 cous.
687 523 792 574 sacr.
811 523 860 572 ou
879 522 1080 574 crzrcanrs.
1340 505 1410 574 159

76 696 129 754 Pii
151 696 277 772 priores.
321 693 416 754 Nulla
438 695 514 754 enim
538 714 630 754 causa
655 705 710 768 est,
738 715 815 774 quae
837 697 970 756 Marcum
993 697 1030 755 ad
1054 696 1230 756 tribuniciae
1253 699 1412 772 potestatis

74 798 235 876 fastigium
255 797 314 855 iam
336 817 363 856 a.
383 797 440 856 146
460 807 644 875 provectum,
666 799 773 858 deinde
788 817 858 857 vero
873 799 910 857 ad
926 799 1021 875 patris
1037 809 1162 857 mortem
1178 816 1274 875 usque
1289 799 1412 858 eundem

74 901 181 959 locum
196 900 378 959 obtinentem
402 921 420 959 a
435 901 595 960 senatoriis
611 900 719 959 officiis
735 903 872 974 arcuerit,
895 901 983 959 modo
1001 921 1037 960 ea
1059 903 1088 959 in
1112 919 1144 959 se
1166 902 1300 978 recipere
1315 901 1413 959 uellet.

167 1001 194 1060 2.
240 1021 358 1061 Ι..3
380 1003 424 1060 Μ.
440 1006 467 1078 s.
495 1001 562 1062 Gal.
586 1003 673 1062 l'aras
706 1005 757 1080 qui
782 1004 881 1074 133311,
915 1005 1029 1074 333313;
1063 1022 1131 1062 nam
1160 1005 1197 1060 de
1223 1003 1271 1061 Pii
1300 1020 1413 1076 socero,

78 1124 139 1162 ero
155 1105 251 1164 Marci
267 1106 306 1162 M.
323 1107 422 1164 Annio
439 1103 520 1163 Vero
540 1105 664 1164 consule
686 1116 731 1163 ter
753 1107 878 1182 cogitari
901 1124 959 1164 non
983 1106 1101 1181 poterit,
1124 1124 1304 1182 quamquam
1327 1105 1365 1164 ad
1387 1126 1414 1164 a.

78 1225 179 1284 usque
205 1207 262 1266 138
286 1227 352 1265 eum
380 1217 498 1266 constat
521 1208 674 1268 advixisse
698 1209 772 1283 (vita
794 1209 843 1266 Pii
866 1209 908 1284 4).
954 1209 1003 1266 Ad
1028 1210 1125 1283 ipsam
1148 1208 1243 1265 Marci
1269 1208 1415 1266 familiam

76 1311 159 1367 hunc
182 1309 330 1368 bominem
358 1310 553 1368 nihilominus
583 1321 615 1368 31
640 1311 803 1369 referamus
833 1320 950 1386 praeter
977 1329 1143 1388 cognomen
1174 1311 1270 1368 tribus
1297 1329 1416 1387 quoque

81 1412 200 1482 suadet,
223 1411 259 1468 de
282 1430 343 1486 qua
364 1413 497 1472 dicemus
520 1413 558 1471 ad
582 1433 688 1472 nomen
712 1423 859 1489 quartum.

169 1515 197 1572 3.
242 1513 502 1574 1113113333.
519 1518 547 1590 s.
571 1516 599 1573 A
688 1515 792 1590 [arua
813 1517 884 1573 item
907 1516 1027 1591 ignotus
1050 1515 1204 1573 descendit
1225 1514 1354 1573 fortasse
1377 1536 1415 1573 ex

82 1616 139 1676 Cn.
163 1615 294 1674 Hosidio
317 1615 397 1675 Geta
418 1618 542 1676 consule
564 1618 641 1676 inter
663 1637 689 1674 a.
714 1620 750 1674 41
776 1626 804 1674 et
826 1617 865 1675 46
890 1617 930 1692 (v.
954 1636 1031 1693 quae
1051 1618 1114 1675 dixi
1143 1617 1173 1674 in
1196 1617 1270 1675 actis
1295 1617 1416 1674 minori·

82 1719 140 1777 333
167 1736 228 1777 333.
257 1717 427 1778 Saxonicae
453 1739 479 1777 a.
506 1719 584 1778 1852
612 1738 640 1795 p.
658 1718 749 1795 276),
778 1719 827 1794 qui
855 1738 921 1776 curu
951 1719 1067 1794 collega
1096 1727 1216 1778 senatus
1245 1720 1415 1778 consultum

81 1821 153 1878 fecit
176 1821 213 1878 (13
235 1819 379 1880 aediliciis
404 1840 463 1880 nou
486 1821 648 1880 diruendis.

168 1923 197 1979 4.
241 1922 285 1979 M.
317 1923 429 1981 Annius
456 1923 499 1982 M.
516 1926 544 1998 s.
569 1923 635 1982 Gal.
659 1923 734 1982 Libo
757 1925 875 1982 ridetur
901 1943 968 1982 3333
996 1925 1088 1983 Marci
1121 1923 1276 2000 patruelis,
1304 1923 1418 1982 scilicet

85 2025 166 2110 111133
193 2025 291 2100 patrui
319 2026 382 2083 eius
411 2025 596 2102 cognominis
626 2027 758 2084 consulis
781 2047 807 2084 3.
835 2025 902 2097 128,
931 2028 957 2084 13
985 2028 1036 2103 qui
1058 2027 1175 2104 1333133
1200 2025 1305 2102 Syriae
1328 2026 1418 2102 periit

85 2147 111 2184 3.
137 2126 195 2184 165
219 2127 296 2202 (rita
311 2125 383 2184 Veri
407 2145 430 2185 c.
450 2129 492 2203 9).
537 2127 648 2186 Tribus
666 2127 789 2188 Galeria
812 2137 882 2206 apta
904 2139 964 2199 est3
987 2149 1055 2186 nam
1072 2129 1190 2188 Annius
1207 2129 1305 2187 Verus
1327 2128 1416 2186 huius

85 2228 219 2286 familiae
246 2230 383 2304 princeps
411 2249 444 2286 (3
472 2229 663 2289 Succubitano
694 2235 847 2307 rituale-ipio
876 2251 909 2289 ac
937 2233 1085 2308 Hispania
1107 2235 1205 2307 sactus
1232 2241 1346 2290 senator
1372 2239 1419 2288 cst

86 2329 164 2403 (rita
185 2330 278 2388 Marci
304 2329 349 2406 1);
379 2329 505 2391 Succubi
534 2343 632 2390 autem
666 2333 806 2410 oppidum
830 2351 1010 2410 quamquam
1033 2334 1153 2411 proprie
1177 2333 1226 2391 ubi
1247 2333 1338 2391 133311
1359 2341 1417 2390 tra·

85 2431 179 2488 ditum
196 2451 254 2491 non
270 2433 424 2504 babemus,
449 2433 628 2512 Hispaniam
645 2453 754 2511 magna
769 2455 807 2494 ex
829 2445 914 2511 parte
934 2437 964 2493 in
982 2435 1105 2495 Galeria
1120 2455 1238 2494 censam
1254 2453 1322 2494 esse
1344 2435 1417 2493 satis

87 2543 212 2592 constat.
231 2567 268 2576 -
285 2534 473 2612 Borghesius
497 2545 595 2594 tamen
618 2538 648 2594 in
665 2538 751 2596 lastis
767 2537 885 2595 ineditis
901 2539 1023 2595 nomina
1038 2537 1157 2596 diuersa
1173 2538 1283 2614 posuit,
1307 2536 1419 2594 scilicet

86 2645 172 2711 pater
194 2635 230 2692 ad
253 2655 279 2693 a.
306 2636 364 2694 128
389 2638 431 2696 ibi
460 2639 630 2716 appellatur
652 2638 689 2696 L.
714 2642 827 2696 Anulus
854 2638 895 2696 M.
913 2642 940 2712 s.
966 2639 1050 2710 Libo,
1078 2639 1157 2698 filius
1185 2641 1263 2697 inter
1290 2639 1418 2696 incertos

87 2739 141 2796 sub
168 2737 226 2796 Pio
249 2739 387 2798 consules
414 2740 579 2799 collocatus
602 2741 710 2799 dicitur
737 2741 781 2799 M.
808 2741 922 2798 Anniae
944 2740 981 2798 L.
1004 2743 1032 2815 s.
1056 2742 1100 2798 M.
1127 2761 1155 2798 3.
1184 2739 1310 2799 Sabinas
1333 2738 1418 2811 Libo,

87 2840 193 2916 quibus
216 2841 376 2900 obsecutus
397 2842 541 2901 Perrotns
563 2844 656 2902 nostri
680 2844 791 2902 decreti
810 2843 955 2900 Libonem
979 2843 1070 2901 alium
1093 2861 1160 2901 3333
1182 2843 1332 2900 iudicavit.
1377 2843 1420 2900 At

87 2941 246 2999 ridendum
276 2963 312 3001 ne
338 2945 446 3002 errarit
469 2945 659 3021 Borghesius.
706 2944 827 3004 Scilicet
855 2946 932 3022 patri
960 2945 1075 3002 consuli
1104 2965 1131 3003 a.
1158 2943 1215 3003 128
1238 2961 1419 3020 praenomen

88 3044 216 3102 mutarit
236 3053 359 3122 propter
382 3047 515 3122 figlinam
539 3048 663 3106 relatam
691 3048 720 3105 in
744 3047 935 3104 adnotatione
958 3047 1078 3105 Renieri
1106 3065 1175 3123 opp.
1200 3047 1228 3117 3,
1244 3045 1319 3103 244:
1344 3061 1418 3102 uxr

89 3161 103 3201 t
119 3163 186 3203 auu
204 3161 273 3203 urso
289 3161 342 3204 sar
359 3165 394 3206 ax
410 3165 466 3208 ors
481 3166 522 3207 au
540 3165 597 3208 osc
611 3152 614 3227 l
629 3164 781 3208 serviano
798 3165 827 3206 nr
843 3166 878 3207 rr
894 3164 978 3207 vaso
992 3151 996 3226 l
1010 3165 1083 3220 cos;
1107 3149 1159 3207 filii
1180 3167 1286 3207 nomen
1304 3155 1419 3224 praete·

89 3267 139 3306 rea
160 3249 302 3307 formavit
329 3251 366 3308 ad
393 3251 512 3309 titulum
535 3252 710 3309 Larinatem
734 3251 828 3310 Oroll.
854 3251 911 3308 124
940 3261 1147 3310 consecratum
1173 3251 1243 3310 divo
1266 3249 1419 3308 Antonine

88 3359 225 3408 curatore
241 3350 283 3408 M.
300 3353 395 3410 Annio
412 3352 522 3411 Sabino
541 3353 649 3412 Libone
665 3375 687 3412 a.
704 3374 730 3410 3.
775 3355 816 3410 At
831 3363 986 3429 praeterea
1006 3355 1031 3412 si
1051 3353 1219 3431 Borghesio
1241 3353 1421 3410 innotuisset

91 3461 212 3510 senatus
235 3454 402 3513 consultum
419 3453 611 3533 Cyzicenum,
635 3457 686 3515 vix
710 3457 883 3514 retinuisset
906 3475 995 3532 quam
1019 3475 1056 3514 ex
1079 3456 1181 3533 tegula
1201 3455 1255 3513 illa
1277 3455 1312 3512 de
1335 3473 1420 3532 prae-

89 3553 207 3612 nomine
230 3557 362 3616 consulis
386 3577 412 3614 a.
432 3557 488 3616 128
513 3567 631 3636 ceperat
653 3559 835 3636 opinionem,
857 3558 911 3616 sed
927 3559 1022 3634 magis
1045 3558 1197 3616 dominum
1221 3558 1283 3615 eius
1305 3556 1419 3634 praedii

90 3657 252 3716 aconsule
274 3658 425 3718 diversum
447 3660 648 3732 iudicavisset,
674 3669 705 3719 ut
727 3662 785 3718 iam
808 3677 863 3718 nos
887 3661 1064 3720 iudicamus.

174 3760 202 3817 5.
250 3759 487 3838 31333333]
512 3763 547 3833 Q.
563 3766 591 3838 s.
615 3764 689 3821 Hor.
713 3763 878 3820 Bassianus
906 3773 1060 3838 praeterea
1086 3764 1206 3838 ignotus
1233 3771 1286 3820 est.
1331 3760 1420 3818 Pom-

91 3862 211 3936 ponium
238 3861 269 3918 in
297 3863 396 3939 lapide
423 3883 481 3922 non
508 3867 601 3924 fuisse
628 3865 812 3940 intellegitur
839 3883 876 3922 ex
906 3865 1023 3922 litterae
1050 3865 1170 3940 quintae
1197 3865 1310 3922 fractae
1337 3863 1420 3938 apice

91 3961 238 4032 inferiore,
261 3965 313 4039 qui
334 3985 394 4024 non
417 3976 518 4042 potest
540 3969 632 4026 131333
655 3983 688 4038 0,
711 3968 763 4024 sed
786 3967 842 4024 luit
865 3984 872 4023 t
895 3977 947 4024 aut
971 3985 986 4024 s
1008 3966 1161 4025 similisve.

175 4065 201 4122 6.
248 4064 510 4144 [3113313323.
529 4069 755 4139 1131313113333
821 4069 908 4126 33133
932 4069 1000 4126 anni
1024 4076 1199 4144 quaestores
1221 4067 1327 4126 urbani
1349 4067 1419 4123 item

174 4167 201 4224 7.
246 4167 283 4224 L.
308 4168 420 4229 Gellius
441 4171 477 4229 I..
491 4175 519 4247 s.
544 4172 606 4230 Ter.
633 4172 755 4231 Scaurus
821 4173 902 4247 quod
926 4172 1018 4230 sciam
1041 4171 1112 4229 alibi
1138 4187 1198 4227 non
1219 4170 1420 4228 nominantur.

174 4269 222 4326 Ad
246 4279 338 4330 testes
361 4273 417 4331 hos
440 4283 553 4350 septem
576 4275 690 4332 accedit

176 4371 203 4430 8.
248 4373 363 4449 Appius
380 4373 484 4434 Gallus
500 4376 607 4433 consul
627 4375 810 4453 designatus.
847 4375 951 4453 Nepos
967 4375 993 4433 is
1009 4375 1126 4434 uidetur
1145 4375 1238 4434 fuisse
1254 4377 1313 4453 Ap.
1328 4375 1421 4433 Annii

95 4470 187 4546 Galli,
202 4475 337 4535 consulis
353 4495 419 4534 cum
434 4475 469 4535 L.
482 4476 636 4535 Verulano
653 4477 764 4538 Severo
780 4479 850 4554 imp.
863 4477 1052 4554 Vespasiano
1068 4477 1185 4554 (Maffei
1201 4478 1241 4536 M.
1254 4476 1290 4534 V.
1307 4476 1422 4548 126,1;

93 4574 239 4654 Borghesi
255 4595 325 4654 opp.
342 4580 370 4648 5,
385 4578 453 4636 324.
471 4579 498 4651 6,
513 4579 598 4655 251),
620 4580 704 4638 33133
720 4579 843 4638 Τ331133
858 4589 888 4637 31
903 4577 1063 4639 Suetonius
1086 4581 1198 4655 passim
1215 4579 1422 4648 meminerunt,

92 4677 171 4736 filius
188 4679 246 4755 Ap.
263 4681 354 4738 Annii
370 4679 512 4738 Trebonii
529 4679 611 4740 Galli
628 4683 761 4740 consulis
777 4682 921 4740 ordinarii
938 4701 963 4740 a.
981 4683 1037 4740 108
1054 4701 1121 4740 cum
1136 4683 1176 4740 M.
1192 4682 1285 4740 Atilio
1301 4680 1423 4738 Bradna

93 4779 197 4853 (Grut.
213 4779 399 4852 65,7=0.
416 4781 440 4839 l.
456 4782 491 4840 L.
515 4783 569 4854 Vl,
586 4783 660 4855 680;
688 4783 814 4841 llenzen
838 4783 943 4859 7165).
992 4784 1095 4861 ipsum
1117 4784 1261 4843 Porrotus
1283 4783 1422 4860 probabi-

91 4881 158 4939 liter
180 4883 275 4941 credit
298 4881 420 4943 Gallum
443 4905 520 4957 eum,
544 4903 630 4961 quem
653 4887 751 4944 fasces
774 4885 906 4961 gessisse
930 4905 997 4944 cum
1020 4886 1165 4945 Marcello
1187 4886 1318 4962 quodam
1342 4884 1423 4942 colli-

92 4985 171 5060 gitur
199 5003 238 5042 ex
261 4986 422 5062 diplomate
445 4988 503 5046 vol.
521 4987 568 5044 ΙΙΙ
590 5008 617 5064 p.
637 4986 695 5044 883
725 4989 836 5065 scripto
858 4989 976 5066 etipse
999 4989 1163 5064 imperante
1187 4988 1254 5046 Pio.
1299 4987 1334 5044 Id
1356 5005 1422 5044 cum

93 5086 213 5145 eosdem
235 5087 295 5146 fere
318 5097 410 5147 testes
425 5089 535 5148 babeat
556 5099 645 5165 atque
667 5090 792 5148 alterum
815 5091 834 5148 l.
851 5111 876 5150 c.
893 5111 922 5167 p.
939 5091 998 5150 882
1015 5091 1084 5148 anni
1100 5109 1128 5166 p.
1145 5088 1179 5148 C.
1199 5090 1267 5161 157,
1290 5088 1423 5147 eiusdem

93 5187 154 5246 iere
182 5190 289 5248 aetatis
317 5207 384 5248 esse
412 5209 467 5267 ego
496 5191 672 5264 iudicaram;
704 5193 783 5270 quod
812 5195 836 5252 31
869 5195 905 5252 (13
935 5191 1025 5252 Gallo
1053 5211 1155 5251 rerum
1182 5190 1258 5252 vidit
1280 5191 1423 5252 Perrotus
