3458 5820
330 535 496 588 sunuoen
523 536 812 589 ruscnrs'rrouvu
837 535 922 587 ronr
947 535 1102 587 nonnnr.
1308 517 1381 586 279

42 713 100 770 41.
121 744 158 754 -
176 711 213 767 A.
232 710 321 769 1871.
358 709 395 766 In
421 710 570 788 lapidibus
599 710 762 781 tiburtinis,
788 711 897 786 quibus
925 710 1097 768 ambulacra
1123 709 1266 768 basilicae
1292 717 1385 767 strate

93 823 175 884 sunt,
197 811 310 870 multae
332 813 524 871 inveniuntur
546 812 665 871 tubulas
687 813 829 883 lusoriae,
852 816 982 872 numeris
1005 813 1137 889 repletae
1156 829 1230 888 quas
1252 819 1385 888 praeter-

94 917 255 976 mittimus:
283 915 408 972 edentur
434 914 511 972 enim
540 933 607 972 curn
635 914 681 973 sui
703 914 851 973 similibus
874 915 942 974 aliis
964 915 1002 973 ab
1024 914 1144 973 homine
1167 913 1255 971 docto
1277 932 1384 990 prope·

93 1020 183 1077 diem.
227 1017 423 1075 transcribam
446 1023 546 1075 tamen
561 1025 708 1093 quotquot
728 1017 830 1075 inveni
846 1017 937 1076 verbs
958 1017 1104 1094 inscripta
1125 1025 1156 1076 et
1178 1015 1287 1074 tabulis
1309 1033 1384 1092 quss

94 1121 160 1179 dixi
183 1127 213 1179 et
234 1119 344 1178 similia
366 1118 434 1178 aliis
456 1119 570 1196 figuris.
613 1119 727 1178 inedito
748 1127 818 1178 sunt
838 1139 887 1178 nn.
903 1118 1036 1178 42—46.

256 1329 265 1346 ·
289 1313 319 1369 in
341 1310 504 1369 ambulacro
524 1313 621 1388 partes
643 1311 827 1370 occidentales
850 1308 892 1385 (si
912 1321 985 1370 recte
1006 1310 1154 1388 mamert).-

403 1475 543 1532 tttrncrs
567 1488 709 1568 opt—trees
732 1488 866 1530 rennes
889 1474 1043 1545 annors

469 1579 551 1636 ttttttt

404 1989 543 2058 [nunu
611 2005 698 2048 lsi-⁴
730 2004 954 2047 srnecrne

95 2205 261 2275 sequuntur
283 2215 387 2256 versus
415 2215 474 2256 non
497 2197 658 2274 conscripti
681 2215 711 2268 v,
738 2198 769 2256 in
791 2175 895 2256 ultimo
918 2205 1004 2256 sexto
1027 2206 1112 2256 extat
1133 2213 1160 2256 c.
1179 2230 1215 2239 -
1234 2214 1278 2256 vs.
1297 2198 1311 2255 1
1337 2215 1387 2256 so-

50 2301 115 2360 lum
144 2300 237 2358 edidit
257 2299 440 2358 Lencisnius
462 2299 542 2358 Bull.
566 2301 641 2358 Inst.
668 2301 763 2370 1871,
787 2299 864 2372 242,
891 2300 1023 2378 legitque
1053 2300 1138 2358 initio
1166 2315 1282 2359 struens·
1326 2319 1386 2358 non

54 2402 190 2481 spondeo
213 2421 261 2461 me
283 2401 379 2460 ultimi
402 2421 508 2462 versus
531 2403 629 2479 prime
649 2411 729 2462 recte
751 2402 880 2461 dedisse.

53 2610 104 2671 42.
148 2611 263 2671 Ibidem
285 2611 315 2670 in
330 2610 502 2670 ambulacro
524 2610 628 2669 lateris
648 2610 854 2669 meridionalis
871 2609 981 2670 circulo
997 2610 1173 2685 inscriptum
1197 2608 1385 2687 (descripsi):

650 2763 798 2813 Atura
899 2821 904 2830 1

56 3024 104 3082 43.
148 3022 264 3080 Ibidem
287 3023 364 3080 inter
378 3021 455 3098 pilas
477 3021 573 3079 intimi
589 3020 703 3080 ordinis
725 3021 827 3080 lateris
843 3019 997 3080 orientalis
1020 3041 1038 3078 a
1053 3018 1204 3098 Capitolio
1227 3020 1382 3096 septimum

97 3134 127 3183 et
148 3133 284 3182 octavam
308 3122 496 3198 (descripsi):

803 3255 865 3308 Is

805 3316 859 3361 SV

577 3263 755 3418 subjice

580 3418 728 3464 orntfus
803 3349 844 3580 f

645 3449 667 3564 l

54 3724 105 3782 44.
149 3722 263 3781 Ibidem
286 3721 377 3798 paulo
399 3722 524 3798 propius
547 3719 699 3798 Capitolio
721 3720 912 3798 (descripsi):

673 3875 759 3926 pom

691 3975 755 4018 IST

51 4205 106 4263 45.
150 4201 266 4260 Ibidem
295 4203 326 4259 in
354 4201 447 4276 gradu
477 4200 609 4257 secundo
638 4199 784 4259 scalarum
813 4201 923 4278 quibus
952 4220 971 4260 a
998 4197 1061 4257 ‘via
1088 4194 1185 4258 sacra’
1214 4198 1385 4258 ascenditur

95 4304 207 4364 circulo
229 4304 407 4380 inscriptum
431 4302 619 4378 (descripsi):

612 4509 775 4605 NOTWUOP
799 4566 875 4644 cino

568 4583 611 4643 ΜΕ

580 4771 607 4818 Q
706 4762 812 4857 ACVL

102 5015 207 5074 titulos
227 5011 280 5070 ‘ox
304 5011 440 5072 oraculo'
462 5009 503 5066 ibi
527 5007 641 5067 vicinos
663 5011 787 5086 respicit
809 5031 836 5070 v.
853 5011 881 5084 2,
904 5010 951 5068 dei
973 5011 1084 5070 desere
1105 5026 1214 5067 nomen
1235 5027 1275 5066 sn
1295 5007 1388 5065 lateat

54 5139 82 5176 v.
104 5119 118 5174 1
143 5136 204 5176 non
235 5127 391 5178 assecutus
422 5135 486 5176 snm
515 5127 611 5186 neque
639 5121 795 5174 essecutus
827 5124 873 5174 est
899 5114 950 5189 qui
979 5131 1096 5172 mecum
1120 5111 1227 5168 iterum
1255 5109 1389 5185 inspexit

52 5219 227 5280 Hennenns.
