3458 5820
347 487 418 560 266
935 505 1081 559 ausula

345 681 426 756 quod
448 679 614 738 aedilicium
638 679 822 738 6161166666
837 699 864 738 6.
881 681 940 740 606
957 689 1032 739 16616
1048 679 1241 755 Obsequente
1260 699 1285 738 6.
1303 680 1349 750 19,
1372 680 1460 738 161116
1476 691 1547 738 ante
1571 699 1598 738 6.
1616 681 1675 738 718

345 801 404 858 quo
429 801 447 840 a
469 781 523 841 Cn.
543 781 678 840 Domitio
701 780 827 840 Calvino
850 782 915 840 euri
938 783 1085 841 coronarii
1108 802 1146 840 ex
1169 782 1293 840 victoria
1315 782 1432 841 iberica
1453 783 1571 858 accepti
1593 791 1677 859 parte

346 885 582 960 magnificentius
612 884 810 942 instauratum
840 894 894 942 est.
938 885 995 942 hoo
1022 885 1100 942 enim
1131 903 1210 942 anno
1237 885 1378 960 triumphi
1406 885 1475 955 acti,
1504 905 1568 943 non
1597 903 1675 942 anno

349 988 492 1044 victoriae
514 995 682 1063 reportatae
699 987 758 1044 715
780 986 994 1045 dedicationem
1016 987 1123 1044 factam
1140 1005 1208 1044 esse
1224 986 1333 1044 Dionis
1355 988 1448 1045 verba
1463 987 1512 1056 48,
1537 985 1578 1044 42
1600 987 1676 1044 indi-

347 1107 415 1148 care
433 1088 580 1146 videntur:
603 1082 632 1144 τὲ
656 1110 686 1143 τε
706 1081 829 1168 χρυσίον
850 1084 881 1145 ro*
901 1081 980 1168 παρὰ
1001 1089 1053 1145 τῶν
1074 1079 1184 1146 πόλεων
1206 1086 1234 1149 ἐς
1256 1081 1331 1145 66τᾶ
1353 1081 1459 1149 eiusde
1480 1079 1622 1149 66666861
1644 1087 1673 1143 ἐκ

345 1181 435 1258 adamo
456 1191 509 1246 raia
524 1181 670 1272 ’113661κῶ6
691 1182 785 1256 ἔλαβε
807 1180 854 1246 uni
875 1185 928 1246 ἄπ’
952 1184 1043 1247 αὐτῶν
1064 1183 1094 1247 ad
1118 1180 1165 1258 μέν
1187 1213 1211 1246 τι
1233 1188 1263 1252 ἐς
1282 1185 1331 1260 τὴν
1352 1185 1444 1271 ἑορτὴν
1467 1224 1505 1232 -
1533 1190 1671 1250 nimirum

345 1285 394 1363 miv
415 1294 467 1349 τῶν
488 1284 621 1350 {arveniae
638 1324 674 1335 —
691 1282 827 1349 ἇνοῖλωσε
848 1286 878 1350 τδ
903 1281 932 1349 δὲ
954 1293 1050 1348 πλεῖον
1071 1290 1099 1354 ἒς
1120 1285 1155 1349 aa*
1178 1283 1372 1358 βασίλειον.
1401 1281 1594 1350 κατακαυθὲν
1616 1289 1672 1372 'peip

346 1387 415 1450 adad
439 1383 639 1470 ἆνῳκοδᾶμησε
661 1385 708 1451 καὶ
727 1385 905 1476 668ιὲ661616
924 1381 1022 1456 ἄλλοις
1043 1385 1072 1450 τὲ
1099 1417 1153 1450 rrae
1174 1397 1311 1475 1611116616
1332 1386 1481 1464 κοσμήσας
1502 1384 1552 1451 καὶ
1573 1385 1672 1450 siniam

346 1485 383 1557 oie
403 1490 482 1576 116611
504 1497 554 1553 τοῦ
568 1487 711 1578 Kalamos
732 1494 767 1559 ὡς
788 1487 836 1553 noi
858 1485 1014 1554 ἀποδώσων
1035 1486 1169 1574 ᾐτήσατο.
1206 1497 1309 1555 eodem
1332 1515 1410 1555 anno
1432 1497 1510 1556 idem
1537 1499 1670 1556 demani-

346 1598 415 1656 bieie
449 1599 597 1658 dedicavit
628 1619 693 1658 eam
726 1600 813 1658 basin
840 1598 979 1676 quodque
1009 1599 1045 1655 ei·
1065 1599 1236 1674 impositum
1263 1599 1320 1657 fuit
1345 1617 1433 1675 quam
1461 1601 1542 1658 inter
1566 1599 1671 1658 rudera

347 1719 434 1759 areae
459 1719 549 1776 quam
572 1702 673 1760 dicunt
695 1702 851 1760 Palatinae
870 1719 981 1776 666666
1003 1701 1105 1758 abhinc
1127 1720 1217 1760 66666
1239 1702 1383 1761 effossam
1408 1709 1537 1760 testatur
1558 1701 1670 1760 116616·

346 1821 404 1861 666
431 1803 521 1860 116166
549 1803 747 1880 ephemeridis
774 1813 855 1861 tomo
881 1803 978 1879 primo
1011 1823 1040 1879 p.
1057 1802 1132 1874 215,
1163 1804 1210 1862 661
1232 1803 1461 1888 6666661868
1489 1802 1670 1862 Lancianius

347 1903 558 1963 Viseontiusre
580 1906 648 1964 libri
671 1907 707 1964 66
728 1905 869 1964 Palatino
896 1924 924 1980 p.
945 1903 1016 1962 120:
1040 1913 1152 1976 tacent,
1185 1915 1217 1964 61
1239 1907 1370 1977 videtur,
1401 1899 1481 1964 Acta
1503 1906 1540 1965 P.
1563 1905 1669 1964 Rosea.

348 2005 385 2065 L.
407 2008 574 2066 Munatium
596 2008 742 2066 Plancum
768 2015 888 2066 6666161
913 2007 1018 2084 666616
1042 2017 1110 2065 6616
1135 2008 1222 2066 annis
1246 2008 1336 2084 (711)
1359 2006 1480 2067 Saturni
1503 2008 1607 2066 aedem
1629 2027 1670 2064 re-

347 2109 456 2168 iecisse
477 2119 547 2185 post
567 2109 748 2186 triumphum
771 2129 809 2167 ex
835 2107 937 2168 Gallia
958 2121 1070 2180 actum;
1093 2109 1225 2167 eiusdem
1247 2110 1330 2168 basis
1353 2112 1387 2168 de
1408 2110 1569 2186 1116611616)
1597 2127 1669 2167 6666

348 2221 491 2286 sequente
514 2210 650 2270 dedicata
667 2229 758 2288 prope
780 2231 879 2271 areum
901 2209 1009 2282 Seueri,
1036 2213 1061 2269 si
1087 2211 1159 2270 11666
1182 2211 1321 2290 Torrigiu
1343 2212 1523 2289 Pighioque,
1552 2213 1610 2270 hoc
1630 2219 1669 2268 est

348 2329 441 2389 prope
469 2312 570 2370 aedem
597 2315 635 2372 ab
662 2333 697 2372 eo
723 2313 862 2372 refectam
890 2324 1010 2390 reperta
1035 2323 1082 2372 est
1108 2314 1149 2388 (v.
1173 2312 1248 2389 Syll.
1270 2334 1298 2372 n.
1319 2314 1401 2389 126).
1444 2315 1552 2372 11616111
1574 2333 1668 2371 exem·

348 2414 463 2491 plorum
486 2415 650 2474 similitudo
673 2433 767 2492 eaque
790 2425 881 2489 tanta,
905 2417 1007 2474 61166
1029 2416 1174 2474 16611666
1196 2415 1323 2474 similius
1340 2416 1463 2487 dixeris,
1484 2435 1533 2474 me
1555 2427 1669 2474 movent

349 2525 382 2574 61
404 2536 518 2576 6661661
541 2518 620 2595 quod
643 2516 786 2576 Henzeno
812 2537 916 2593 parum
944 2518 1164 2594 probabilitatis
1193 2519 1302 2577 habere
1329 2521 1426 2576 visum
1449 2528 1507 2591 est,
1536 2518 1667 2594 primitus

348 2619 432 2677 illam
448 2619 562 2678 Domiti
578 2621 664 2678 basin
687 2621 807 2679 stetisse
829 2621 859 2678 in
874 2621 950 2678 atrio
965 2620 1078 2696 Regiae
1100 2621 1138 2677 ab
1160 2619 1228 2696 ipso
1249 2620 1376 2678 16166166
1397 2639 1458 2678 666
1479 2639 1546 2678 6661
1570 2620 1667 2678 6116111·

348 2721 413 2792 bus,
436 2723 544 2798 quibus
567 2713 676 2784 εἰκόνας
697 2723 766 2780 11166
793 2723 830 2781 ab
854 2722 1021 2781 Octaviano
1048 2731 1186 2797 acceptos
1212 2722 1394 2798 imposuerit.
1440 2723 1519 2780 unde
1540 2723 1620 2798 quod
1640 2723 1665 2779 16

347 2823 504 2882 Ρ61611666
537 2825 644 2882 666166
678 2825 776 2882 661661
810 2843 950 2883 areamve
978 2825 1112 2901 pervenit
1137 2843 1195 2882 666
1222 2824 1343 2882 mirum:
1378 2842 1446 2882 nam
1469 2843 1538 2882 cum
1560 2831 1668 2883 constet

347 2927 516 3002 Augustum
539 2947 556 2985 6
578 2927 675 3003 Regia
696 2927 842 3003 migrasse
865 2927 894 2984 in
918 2927 1078 2998 Palatium,
1101 2927 1235 3002 palatina
1260 2927 1366 2984 domus
1393 2934 1497 3002 utpote
1523 2927 1665 3004 pontilicis

348 3030 472 3087 maximi
494 3031 538 3088 616
561 3029 742 3087 ornamentis
769 3029 859 3104 digna
880 3029 1004 3086 iudicari
1032 3030 1128 3104 661611
1154 3030 1263 3104 quibus
1290 3037 1375 3086 16166
1396 3028 1495 3106 Regia
1516 3029 1588 3087 olim
1611 3037 1665 3086 nte-

348 3132 444 3190 batur.
461 3164 499 3173 -
516 3131 640 3208 Regiam
662 3131 865 3190 Domitianam
888 3131 940 3206 qui
961 3131 1121 3189 admodum
1144 3132 1281 3207 exiguam
1305 3131 1400 3188 fuisse
1422 3141 1531 3206 putant
1553 3130 1665 3190 011616-

348 3233 395 3290 616
417 3243 495 3291 66616
517 3233 698 3292 carminibus
720 3231 1012 3305 Τ6161.3,1,2766.
1036 3233 1099 3308 (ubi
1122 3237 1202 3309 66616
1219 3251 1316 3308 paruo
1334 3232 1461 3308 Numae)
1484 3253 1546 3292 rem
1569 3243 1663 3309 suapte

348 3343 454 3394 natura
478 3336 529 3393 116
552 3335 722 3393 credibilem
744 3334 1012 3393 61616661666661.
1057 3335 1230 3411 quidquod
1256 3354 1293 3392 66
1315 3343 1399 3392 16166
1421 3335 1543 3410 quidem
1569 3336 1662 3412 Regia,

349 3438 458 3514 quippe
486 3455 562 3513 quae
588 3445 615 3494 et
641 3437 818 3495 tabularium
847 3447 894 3496 661
919 3455 1057 3514 magnum
1085 3448 1114 3496 61
1142 3437 1272 3494 sacraria
1305 3436 1485 3513 supellectili
1520 3457 1662 3497 sacrorum

349 3539 537 3616 publicorum
558 3539 669 3596 referta
690 3538 741 3615 (de
763 3539 874 3615 quibus
897 3539 961 3597 dixi
983 3539 1060 3616 Top.
1085 3537 1113 3612 2,
1136 3538 1264 3614 27166.)
1292 3539 1472 3597 continuerit
1498 3541 1578 3598 intra
1598 3541 1660 3599 lines

352 3650 498 3720 angustos
521 3641 648 3700 coartari
675 3649 785 3716 potest.
827 3642 874 3700 his
895 3643 985 3701 rebus
1007 3659 1226 3718 huncquoque
1248 3641 1408 3717 prohibeor
1426 3644 1587 3718 quominus
1608 3643 1661 3701 siue

348 3744 413 3801 ulla
428 3743 613 3803 dubitatione
628 3763 730 3802 eorum
747 3744 882 3818 opinioni
904 3743 1089 3802 subscribam
1105 3744 1156 3819 qui
1178 3743 1274 3802 fastos
1290 3741 1480 3819 Capitolinos
1496 3747 1533 3804 ab
1556 3766 1582 3804 a
1604 3743 1661 3803 inde

350 3844 410 3902 742
432 3847 606 3905 marmoreis
628 3846 738 3922 Regiae
761 3845 953 3905 Domitianae
979 3846 1142 3922 parietibus
1168 3845 1329 3921 inscriptos
1356 3863 1423 3904 esse
1449 3848 1659 3906 contenderunt

348 3967 416 4006 nam
433 3957 520 4007 —ut
540 3957 673 4024 repetam
695 3967 771 4024 quae
793 3949 920 4025 exposui
936 3947 1067 4006 Hermae
1083 3949 1110 4020 7,
1127 3947 1186 4008 269
1200 3966 1224 4006 6.
1247 3967 1306 4006 666
1329 3947 1481 4007 1616116616
1503 3959 1535 4008 61
1556 3949 1660 4008 videtur

348 4051 386 4108 ab
403 4049 514 4109 011666
529 4049 701 4109 Hirschfeld
722 4049 761 4108 ib.
779 4050 808 4123 9,
824 4051 862 4110 99
876 4069 922 4126 sq.
938 4082 978 4092 —
993 4058 1214 4126 parastatarum
1228 4069 1473 4121 marmorearum,
1496 4052 1601 4127 quibus
1618 4050 1659 4110 111-

349 4153 450 4230 6166111
473 4152 607 4228 inscripti
628 4152 720 4224 fuere,
743 4173 779 4211 ea
800 4161 847 4211 est
868 4153 993 4211 altitudo
1016 4152 1068 4228 (m.
1085 4153 1114 4224 3,
1131 4153 1195 4228 38),
1217 4161 1251 4209 ut
1272 4153 1389 4211 etiamsi
1411 4153 1494 4228 podii
1515 4153 1658 4212 1161166116

348 4255 454 4330 nisque
480 4256 560 4330 quod
586 4255 629 4313 eis
657 4256 814 4313 conveniat
839 4254 1001 4326 addideris,
1027 4254 1173 4330 parietum
1200 4254 1364 4312 aedificiive
1392 4254 1578 4314 altitudinem
1600 4271 1658 4313 saue

349 4373 492 4431 perquam
514 4356 652 4432 pusillam
675 4357 824 4414 effeceris:
857 4357 905 4414 his
938 4365 1035 4414 autem
1067 4357 1233 4415 rationibus
1264 4356 1414 4414 hominem
1442 4359 1518 4416 artis
1545 4359 1657 4435 peritum

350 4456 546 4515 Lancianium
568 4458 686 4516 ductum
704 4459 798 4516 videri
815 4458 984 4534 ¹significavi
1007 4467 1038 4517 ut
1059 4459 1154 4517 fastos
1177 4459 1278 4534 potius
1293 4459 1376 4534 operi
1399 4459 1548 4518 scalarum
1570 4455 1658 4534 templi

350 4557 487 4618 Castoris
512 4559 673 4634 inscriptos
698 4561 867 4632 coniecerit,
901 4562 985 4619 euius
1011 4561 1158 4618 altitudini
1190 4568 1362 4637 parastatae
1388 4561 1459 4618 illae
1485 4561 1658 4620 conveniant

350 4680 446 4737 neque
473 4680 545 4720 1616
572 4662 649 4720 hanc
675 4663 874 4721 coniecturam
901 4671 1042 4737 tanquam
1068 4673 1178 4721 certam
1205 4671 1256 4720 aut
1282 4673 1343 4720 tum
1370 4664 1496 4737 probari
1522 4673 1657 4723 6616611

349 4766 458 4840 probo:
482 4765 538 4822 hoe
560 4765 702 4838 sustineo,
725 4766 896 4840 neutiquam
913 4766 949 4822 de
964 4764 1077 4840 Regiae
1093 4765 1254 4842 parietibus
1276 4765 1420 4823 festorum
1440 4767 1584 4823 memoria
1604 4781 1658 4821 616-

350 4867 469 4944 scriptis
491 4867 623 4926 decisum
645 4885 712 4926 esse
734 4867 817 4944 prius
840 4887 929 4943 quam
952 4867 1104 4926 architecti
1127 4868 1231 4925 harum
1253 4885 1351 4924 rerum
1368 4867 1455 4942 periti
1471 4875 1563 4925 totam
1584 4883 1657 4942 quae

351 4970 476 5027 ationem
509 4970 546 5028 ad
577 4971 650 5028 artis
683 4971 778 5046 legem
812 4970 1065 5046 pertractaverint.
1110 4989 1165 5047 ego
1192 4969 1272 5046 quod
1300 4969 1338 5027 ad
1363 4970 1426 5026 rem
1453 4970 1600 5046 pertineat
1619 4968 1657 5024 rix

350 5072 509 5147 quicquam
532 5072 641 5131 addere
662 5090 784 5149 possum
807 5081 925 5149 praeter
951 5091 987 5130 ea
1011 5089 1087 5147 quae
1114 5073 1267 5148 hueusque
1289 5071 1450 5147 disputavi.
1495 5091 1562 5130 nam
1584 5071 1656 5128 etiem

350 5182 420 5248 post
440 5173 559 5232 inventa
585 5175 631 5233 his
659 5175 745 5232 annis
773 5193 851 5232 nova
872 5175 1017 5232 fastorum
1041 5173 1207 5253 fragmenta
1227 5191 1277 5232 res
1300 5173 1443 5246 6616611,
1466 5183 1511 5246 61,
1533 5171 1656 5250 qnoniam
