3458 5820
339 487 503 540 sruuoeu
530 487 821 540 rusorurrrouvu
847 485 932 538 rora
958 486 1112 538 nouam.
1316 465 1389 536 293

96 665 135 722 A.
153 664 223 722 406.
243 697 280 706 -
296 681 376 721 nunc
403 663 488 721 deest
514 683 539 720 v.
561 665 587 720 1.
609 697 647 706 -
669 681 745 739 quae
773 659 886 721 seclusi
914 657 932 741 <
973 656 991 741 >
1018 679 1055 719 ea
1081 660 1147 718 loco
1174 679 1233 718 non
1261 658 1391 718 iudicato

54 785 195 826 seorsum
218 766 399 840 transcripta
421 766 505 825 solus
528 765 649 825 exhibet
665 762 846 824 Cittadinius
869 764 900 822 in
922 763 1023 822 codice
1039 762 1193 821 Marciano
1216 761 1290 836 (nisi
1313 761 1391 837 quod

53 871 167 926 domini
188 867 288 940 habet,
316 885 376 925 non
399 868 524 944 toarno:
552 868 610 926 hoe
637 876 683 926 est
710 865 789 925 tituli
817 884 909 942 supra
931 865 1036 942 scripti
1058 873 1172 941 portem
1196 865 1392 941 posteriorem

55 972 174 1028 omissa
195 969 348 1041 clausula;
370 987 447 1046 quae
470 987 489 1026 a
509 969 683 1027 Bormanno
699 967 776 1045 Ilph.
800 988 845 1045 ep.
872 969 899 1040 l,
918 967 975 1025 122
999 971 1100 1043 (quem
1123 965 1285 1025 Heuzenus
1309 983 1391 1024 seeu-

55 1081 106 1130 tus
135 1083 182 1131 est
204 1070 239 1130 Ο.
255 1073 280 1130 Ι.
297 1072 332 1131 L.
355 1092 384 1131 n.
405 1071 498 1148 1195)
525 1089 580 1148 pro
608 1071 697 1130 titulo
725 1070 846 1129 aliunde
874 1072 977 1146 ignoto
998 1069 1128 1128 Honorii
1149 1069 1253 1126 habits
1274 1076 1352 1126 sunt.

57 1279 117 1338 112
132 1306 169 1331 =
187 1281 278 1341 1515.
295 1315 336 1326 -
349 1283 440 1341 Auno
463 1282 586 1341 inserto.
629 1276 677 1340 ‘Ia
701 1277 757 1342 SS.
780 1278 877 1359 Sergii
899 1289 929 1338 et
950 1273 1074 1339 Bacchi’
1100 1279 1189 1338 habet
1209 1278 1293 1338 solus
1315 1275 1392 1338 Sua·

98 1383 206 1443 resius.
250 1384 306 1442 ite:
586 1383 589 1390 ’

244 1575 386 1633 traditur:
898 1577 1019 1633 restituit
1040 1575 1172 1632 Heraea:

55 1727 85 1768 rr
98 1726 360 1770 ssurrourorrv
674 1727 1095 1772 Theomnasto-raram

70 1829 200 1874 anucco
217 1829 355 1874 coturno
370 1821 436 1872 xva
453 1831 571 1887 aaron
730 1819 859 1872 ouacco

56 1931 142 1975 sauro
167 1933 182 1974 1.
204 1947 211 1961 ·
236 1931 311 1974 cars
334 1946 341 1959 ·
364 1932 477 1975 avovsr
675 1923 999 1975 sauro-cotaruodtvt
1015 1945 1033 1974 r.
1048 1937 1082 1976 aa.
1097 1935 1140 1975 aa
1164 1931 1307 1988 Quaeso
1321 1932 1393 1972 comta

717 2036 732 2077 a
749 2049 755 2063 ·
773 2033 848 2077 cass
865 2048 872 2062 ·
888 1999 1071 2086 avovsrr‘·s.

99 2229 132 2290 Si
155 2231 254 2308 ipsum
270 2229 400 2307 lapidem
421 2230 586 2308 descripsit
601 2229 771 2302 Smetius,
794 2230 874 2306 quod
889 2231 994 2306 peritis
1009 2229 1145 2306 relinquo
1161 2228 1392 2302 diiudicandum,

57 2352 131 2391 saue
153 2351 213 2391 non
236 2341 338 2410 potest
359 2333 454 2392 fuisse
477 2334 518 2392 ibi
542 2335 590 2392 ubi
614 2353 643 2391 n.
666 2340 777 2402 antee,
803 2341 903 2408 potest
925 2333 956 2390 in
980 2329 1034 2392 SS.
1059 2331 1155 2408 Sergii
1177 2340 1207 2390 et
1230 2333 1340 2390 Bacchi
1363 2337 1393 2388 in

60 2435 191 2495 Callaico
219 2435 396 2510 (Martinelli
423 2457 452 2512 p.
469 2435 555 2510 400).
572 2469 610 2477 -
627 2437 658 2492 in
686 2434 813 2492 eeclesia
834 2435 865 2492 in
884 2435 950 2492 soro
974 2434 1032 2492 sita
1047 2434 1221 2492 Mazoehius
1245 2435 1264 2490 f.
1280 2433 1393 2492 XXIII

56 2558 73 2594 r
96 2546 125 2595 et
147 2556 166 2592 v
191 2539 323 2614 quinque
351 2537 453 2596 titulos
480 2537 664 2614 sepulcrales
691 2543 795 2594 extare
823 2544 959 2606 testatur,
987 2535 1024 2594 de
1051 2537 1160 2612 quibus
1188 2535 1393 2611 expectandus

59 2636 206 2714 Corporis
228 2640 253 2697 1.
270 2639 303 2696 L.
328 2640 443 2714 copiae.

61 2845 277 2907 113=1203.
306 2881 344 2890 -
372 2850 408 2906 A.
429 2847 517 2906 1547.
560 2844 666 2906 ‘Basia
699 2866 867 2906 marmorea
898 2847 1010 2906 effossa
1041 2867 1067 2905 a.
1095 2841 1186 2906 1547’
1220 2845 1278 2919 (sic
1309 2846 1392 2904 solus

103 2950 310 3028 Woelscapp.)
332 2947 384 3008 ‘ex
399 2945 612 3008 fundamentis'
635 2949 699 3024 (vel
720 2945 817 3006 ‘iuxta
831 2944 960 3025 basim’)
982 2947 1080 3008 ‘arcus
1097 2943 1244 3026 Septimii’
1267 2948 1310 3007 sic
1332 2948 1393 3007 fere

102 3050 235 3111 Smetius
259 3052 385 3127 aliique3
408 3072 486 3110 nuno
508 3061 592 3110 extat
613 3061 682 3110 ante
705 3061 824 3129 portam
846 3053 1001 3110 hortorum
1027 3051 1281 3110 Farnesianorum
1305 3051 1393 3108 Pala·

100 3155 246 3225 tinorum;
267 3155 361 3230 lepidi
384 3155 510 3212 incisam
533 3154 627 3212 edidit
643 3153 724 3212 daha
748 3153 900 3230 (Berichte
922 3155 976 3213 der
992 3155 1092 3212 siche.
1110 3152 1148 3212 G.
1165 3153 1194 3212 d.
1209 3153 1256 3212 W.
1276 3152 1355 3212 1868
1372 3159 1392 3210 t.

100 3255 147 3314 IV
170 3274 258 3332 quem
282 3274 310 3313 v.
333 3256 370 3316 de
392 3255 600 3332 anaglyphis).

458 3412 606 3453 caesaram
629 3395 634 3472 1
658 3394 827 3454 decennalia
850 3395 855 3472 1
872 3394 999 3470 feliciter

60 3655 226 3716 114-118
240 3682 276 3708 =
293 3655 467 3716 196-200.
485 3692 522 3701 —-
539 3658 578 3716 Α.
596 3659 685 3718 1547.
730 3657 799 3718 Hoc
813 3677 892 3717 anno
913 3656 994 3717 ‘cum
1010 3659 1203 3718 fundamenta
1216 3676 1303 3716 araus
1320 3655 1394 3733 Sep-

101 3759 176 3816 timii
199 3757 300 3818 Severi
325 3755 597 3836 perscrutarentur’
630 3769 764 3836 repertos
792 3777 860 3818 esse
883 3769 1010 3818 testatur
1031 3760 1171 3819 Metellus
1195 3759 1300 3818 titulos
1324 3761 1392 3816 114.

104 3860 275 3920 116-118
300 3860 430 3922 Smetius
452 3862 562 3920 ibidem
588 3861 762 3920 114-118.

63 4074 122 4130 114
136 4097 173 4121 =
191 4071 258 4130 196.
301 4067 403 4130 ‘Basis
424 4080 542 4130 statuae
565 4072 647 4130 cuius
665 4072 793 4147 vestigia
815 4073 845 4130 iu
868 4073 1027 4147 superficie
1050 4071 1148 4129 adhuc
1164 4066 1293 4142 extant’;
1317 4090 1394 4128 nunc

103 4173 233 4251 Neapoli
256 4173 305 4231 ubi
329 4174 421 4232 deser.
445 4173 624 4232 Mommsen.

630 4313 675 4388 (iu
697 4312 825 4389 frontet)

53 4448 193 4525 sortdaae
219 4449 318 4506 reduci
341 4443 344 4528 1
369 4448 466 4507 demtis
494 4459 597 4524 aapuct
621 4445 624 4530 1
649 4468 762 4508 eaerum
786 4451 790 4528 1
815 4450 879 4508 trib.
909 4468 967 4508 eae.
998 4470 1075 4527 carp.
1092 4452 1196 4524 soeder
1218 4451 1223 4526 1
1247 4469 1282 4508 m.
1305 4451 1395 4508 allius

62 4563 201 4628 tyrannus
225 4571 248 4608 a.
262 4553 395 4626 sertui-us
410 4554 530 4627 sauctae
554 4553 558 4627 1
584 4573 607 4610 c.
616 4553 732 4626 fuluiue
752 4553 877 4628 phoebus
899 4571 1001 4610 aurar.
1025 4555 1045 4610 l.
1068 4557 1223 4612 aaronica
1244 4557 1365 4611 zosimus
1389 4554 1393 4629 1

61 4672 84 4712 c.
108 4653 238 4712 aureliae
258 4657 370 4727 primus
394 4655 398 4730 1
423 4657 557 4713 iramuaee
577 4665 714 4731 perpetuo
737 4655 764 4711 d.
789 4657 816 4711 d.

502 4792 547 4866 (in
569 4791 674 4850 lateris
697 4792 795 4850 dextri
819 4792 958 4867 coronat)

518 4929 678 4986 dedicate-m
700 4932 734 4986 tit
755 4931 821 4988 idae
843 4931 946 4988 octobr.

102 5063 221 5140 reliqua
242 5065 326 5122 buslo
349 5064 444 5122 latera
466 5075 546 5124 tecta
568 5066 637 5124 olim
662 5077 748 5124 erant
763 5068 809 5125 vel
833 5067 934 5126 aeneis
956 5067 1077 5125 laminis
1099 5065 1251 5142 inscriptis
1268 5064 1312 5122 rel
1336 5065 1396 5122 clia

61 5166 204 5242 quapiam
225 5166 451 5225 incrustutioue.
