3458 5820
351 513 513 566 srunoan
540 511 830 565 mscmrrronvu
857 511 941 564 rom
968 511 1123 563 nouam.
1323 493 1395 564 265

74 686 215 745 collocata
241 697 315 745 aunt.
359 688 473 746 scilicet
500 697 598 746 utrum
628 705 730 745 muros
756 682 894 746 ‘aedilicii
920 681 1036 744 incerti’
1069 685 1125 761 (ita
1149 685 1332 761 nuncupavi)
1359 703 1397 742 an

72 788 191 846 aedium
224 789 421 866 palatinarum
458 790 684 866 significaverit,
720 789 791 847 mihi
824 807 883 845 nou
920 797 1053 847 constat:
1091 795 1156 845 utut
1191 767 1237 845 est
1273 795 1398 864 apparet

71 891 219 966 Poggium
258 909 377 968 quoque
416 893 566 950 comitium
607 891 701 950 eidem
741 890 858 968 regioni
898 873 1042 949 tribuisse*
1078 891 1125 946 cui
1166 888 1269 947 tribuit
1306 889 1396 948 Blan-

72 991 137 1049 dus.
156 994 387 1052 —examinatis
410 995 500 1072 igitur
522 995 569 1052 hia
591 994 770 1052 testimoniis
790 1011 877 1050 nemo
899 993 1004 1067 opinor
1019 991 1158 1050 Dutertio
1180 991 1324 1067 plauserit
1345 992 1396 1067 qui

72 1113 173 1153 arcum
188 1095 365 1168 Fabianum,
388 1114 475 1172 quem
491 1096 619 1154 Fabiani
642 1097 722 1167 dicit,
748 1096 779 1152 in
801 1095 894 1152 latere
923 1093 1006 1152 aedis
1029 1093 1057 1152 d.
1073 1094 1143 1151 Iulii
1165 1094 1192 1152 ei
1216 1094 1281 1151 viae
1303 1094 1396 1169 impo-

70 1196 165 1254 suerit
186 1215 261 1272 quae
283 1216 301 1255 a
323 1196 487 1257 Faustinae
508 1199 619 1276 templo
642 1198 681 1255 ad
706 1215 807 1256 arcum
830 1195 933 1257 Severi
963 1195 1057 1254 tendit
1078 1194 1136 1272 (Le
1159 1195 1272 1254 Forum
1295 1203 1316 1253 t.
1339 1195 1395 1254 Ill.

67 1297 138 1373 IV).
182 1299 254 1374 quid
277 1301 357 1375 quod
378 1320 472 1378 nuper
493 1309 652 1377 postquam
675 1321 711 1360 ea
732 1318 803 1378 pars
825 1298 978 1357 eruderari
1004 1305 1111 1375 coepta
1131 1309 1178 1356 est
1199 1298 1338 1374 apparuit
1359 1317 1396 1354 ne

70 1400 227 1477 vestigium
249 1401 368 1478 quidem
391 1420 478 1461 arcus
500 1403 690 1480 triumphalis
712 1403 753 1460 ibi
776 1393 889 1460 extare.
933 1409 964 1458 at
990 1419 1027 1459 ne
1048 1400 1088 1458 ibi
1111 1401 1229 1476 quidem
1251 1399 1396 1475 reliquiae

68 1503 135 1560 eius
157 1521 349 1578 comparuere
370 1505 420 1563 ubi
442 1525 509 1564 eum
531 1504 624 1564 luisse
645 1505 798 1580 hucusque
820 1505 1053 1562 demonstratum
1082 1510 1128 1561 est
1150 1503 1201 1580 (cf.
1225 1502 1263 1560 ad
1285 1523 1314 1562 n.
1330 1503 1395 1578 25).

68 1613 124 1662 aut
145 1605 234 1681 igitur
263 1613 342 1665 totus
369 1624 443 1664 aevo
469 1608 571 1666 infimo
593 1607 761 1666 destructus
789 1607 912 1682 eiusque
935 1623 1009 1664 saxa
1030 1604 1175 1681 quaedam
1201 1605 1305 1664 eodem
1328 1605 1394 1663 loco

66 1707 107 1764 ad
124 1708 288 1766 extruenda
309 1709 370 1766 alia
384 1709 521 1768 aedificia
536 1709 671 1768 adhibita
692 1719 771 1780 sunt,
799 1717 850 1767 aut
872 1709 955 1766 stetit
969 1707 1059 1785 paulo
1082 1709 1159 1766 ultra
1180 1727 1248 1765 eum
1269 1708 1394 1766 limitem

66 1828 156 1884 quem
172 1809 322 1869 bocauna
340 1810 418 1870 1876
438 1811 638 1870 eruderationi
659 1811 768 1869 sactum
785 1811 914 1869 indicavi
935 1811 966 1868 in
988 1811 1098 1868 forma:
1126 1819 1224 1868 utrum
1239 1810 1278 1868 ait
1292 1829 1394 1868 verum

63 1911 138 1970 licet
159 1911 314 1971 diiudicari
336 1931 396 1970 non
417 1914 526 1990 possit,
548 1915 605 1972 hoc
627 1923 725 1972 tamen
740 1913 931 1989 praetulerim
946 1933 981 1970 eo
997 1913 1077 1990 quod
1093 1912 1222 1988 templum
1238 1912 1393 1970 Fabiorum

64 2014 96 2070 in
119 2013 196 2072 libro
210 2014 392 2073 Mirabilium
414 2016 499 2074 iuxta
519 2015 661 2092 templum
678 2015 842 2075 Faustinae
856 2023 1119 2074 commemoratum
1140 2014 1263 2072 fornicis
1282 2034 1394 2072 memo·

64 2115 142 2174 riam
165 2117 253 2174 etiam
276 2125 336 2176 tum
360 2118 531 2193 superstitis
547 2119 696 2177 continere
718 2137 797 2177 nunc
811 2137 931 2194 quoque
952 2117 1024 2176 mihi
1039 2117 1156 2176 videtur
1171 2116 1262 2193 (Tap.
1281 2115 1308 2189 2,
1322 2116 1392 2175 476.

64 2215 152 2292 482).
170 2217 349 2294 -denique
370 2217 471 2278 nescio
499 2239 536 2278 au
562 2220 686 2280 fornicis
716 2228 863 2280 structura
889 2229 978 2296 atque
1001 2227 1174 2278 ornamenta
1198 2219 1394 2295 redintegrari

62 2320 194 2396 possint.
237 2329 349 2379 certum
373 2332 417 2380 est
438 2323 662 2398 inscriptionem
683 2322 854 2399 primariam
876 2322 933 2394 bis,
955 2323 1013 2381 hoc
1034 2332 1081 2381 est
1102 2321 1133 2380 in
1156 2331 1280 2398 utraque
1302 2320 1393 2378 sorni·

63 2423 109 2478 cis
132 2421 230 2481 fronte
251 2424 392 2501 scriptam
415 2424 520 2498 luisse,
542 2425 613 2484 item
635 2433 745 2484 certum
769 2425 884 2483 videtur
905 2425 994 2482 trium
1017 2423 1179 2482 Fabiorum
1204 2423 1307 2481 titulos
1334 2422 1391 2499 (B)

62 2523 102 2580 ad
131 2531 244 2583 statuas
272 2543 361 2603 super
387 2527 544 2604 impositas
571 2527 752 2605 pertinuisse
774 2559 814 2569 —
838 2545 914 2603 quae
940 2544 999 2601 quo
1022 2525 1148 2583 artificio
1166 2524 1261 2582 factae
1283 2524 1393 2582 fuerint

62 2645 100 2684 ea
124 2626 160 2683 de
182 2647 214 2684 re
236 2635 306 2702 post
326 2628 475 2686 iuventam
498 2647 592 2704 nuper
613 2629 742 2687 tibicinis
763 2637 891 2686 statuam
916 2627 1104 2704 Esquilinam
1131 2627 1300 2684 coniectura
1326 2627 1392 2702 capi

61 2730 376 2806 potest3-denique
396 2727 507 2788 ‘acuta'
533 2740 562 2789 et
588 2725 685 2806 ‘signa
708 2724 870 2801 victoriae',
898 2749 974 2805 quae
1002 2729 1075 2786 vidit
1096 2727 1262 2798 Fabricius,
1291 2727 1391 2802 qualia
1431 2763 1433 2768 ·

60 2830 175 2889 fuerint
207 2830 314 2890 docent
347 2832 454 2890 similis
487 2834 604 2909 generis
632 2832 802 2908 anaglypha
834 2849 922 2890 arcus
956 2831 1126 2908 superstitis
1151 2830 1344 2888 Arausiensis
1373 2848 1392 2886 a

60 2930 195 2990 Caristia
217 2933 362 3008 publicati
385 2943 415 2991 et
435 2935 540 2992 incerti
562 2953 640 2992 nunc
662 2935 779 3011 perditi,
803 2935 886 2992 cuius
908 2933 1067 3010 imaginem
1091 2932 1210 2990 saeculo
1230 2931 1306 2990 XVI
1328 2931 1390 2989 fac-

61 3045 124 3093 tam
146 3035 256 3093 editam
278 3035 370 3094 habes
392 3037 550 3096 Archaeol.
573 3037 703 3114 Zeitung
723 3057 751 3095 a.
778 3035 867 3108 1872,
890 3036 962 3094 llas.
987 3034 1036 3108 (cf.
1061 3033 1286 3093 Jahresbericht
1311 3032 1389 3092 1875

59 3157 91 3214 p.
109 3137 195 3211 760).

145 3237 331 3302 Devenimus
359 3240 397 3298 ad
423 3260 490 3299 eum
518 3242 615 3300 locum
643 3241 693 3317 qui
722 3251 769 3299 est
791 3241 828 3299 de
855 3241 983 3318 pristina
1005 3240 1076 3298 sede
1103 3240 1231 3316 templi
1254 3239 1389 3299 Vestae

56 3341 197 3416 Regiae
227 3343 407 3400 fastorum
435 3345 682 3402 consularium
710 3353 819 3420 atque
848 3343 1137 3420 triumphalium:
1169 3342 1205 3400 de
1227 3360 1286 3418 quo
1308 3341 1388 3400 iden-

60 3443 152 3500 tidem
176 3443 342 3520 significavi
366 3463 401 3502 ne
424 3464 501 3504 nunc
523 3447 641 3522 quidem
665 3465 752 3522 posse
775 3455 855 3504 certa
876 3446 992 3504 ratione
1018 3445 1152 3503 iudicari.
1197 3463 1264 3502 esse
1285 3443 1389 3521 templi

59 3543 174 3603 Vestae
189 3545 380 3604 fundamenta
401 3548 560 3606 rotundam
584 3549 833 3608 substructionem
855 3569 921 3607 earn
943 3567 1031 3624 quam
1052 3547 1083 3605 in
1105 3547 1201 3605 forma
1222 3566 1290 3605 mea
1306 3547 1387 3605 rides

59 3666 77 3704 e
103 3647 226 3724 regione
252 3648 354 3724 templi
377 3647 541 3708 Faustinae
566 3651 694 3726 positam
727 3669 786 3708 non
817 3669 909 3726 nego;
943 3670 995 3708 our
1019 3667 1125 3726 negem
1147 3657 1227 3732 certa
1250 3656 1388 3707 constare

58 3767 130 3808 esse
152 3750 254 3826 templi
274 3750 386 3809 Vestae
409 3751 471 3810 dixi
493 3752 664 3811 Jahresber.
684 3753 763 3810 1875
786 3771 814 3828 p.
832 3751 901 3809 772.
944 3771 1040 3828 neque
1063 3750 1146 3808 aliud
1168 3733 1239 3827 quid
1261 3751 1388 3827 probant

58 3851 235 3911 decantatae
256 3852 326 3910 illae
348 3853 496 3929 virginum
511 3854 623 3912 Vestae
637 3855 725 3912 bases
740 3855 917 3912 honorariae
933 3873 1022 3930 quam
1036 3853 1129 3912 luisse
1145 3853 1253 3910 atrium
1275 3853 1387 3912 Vestae

59 3955 141 4012 circa
162 3973 198 4013 ea
218 3954 287 4014 loca
302 3955 350 4014 ubi
374 3955 400 4014 si
423 3955 527 4013 audias
544 3957 724 4034 scriptorum
746 3957 917 4015 testimonia
931 3974 990 4013 non
1010 3963 1110 4032 potest
1124 3972 1183 4011 non
1204 3954 1307 4026 fuisse,
1330 3956 1385 4013 sub

58 4055 171 4134 angulo
192 4057 304 4116 mantis
326 4057 458 4116 Palatini
480 4058 510 4114 in
531 4058 629 4116 forum
652 4075 738 4116 verso
761 4059 825 4116 sive
847 4059 926 4117 circa
947 4057 1050 4116 aedem
1073 4054 1104 4117 S.
1127 4055 1240 4115 Mariae
1262 4054 1385 4115 Libera·

57 4158 143 4216 tricis
167 4157 218 4234 (cf.
242 4159 280 4218 ad
302 4179 330 4218 n.
348 4159 516 4236 93-107),
538 4179 596 4218 non
620 4170 652 4218 ut
672 4181 767 4238 nuper
788 4161 902 4238 placuit
923 4159 1072 4232 Duterti0,
1100 4165 1168 4216 ante
1190 4158 1386 4216 substructio-

57 4279 126 4319 nem
140 4261 223 4319 illam
239 4261 396 4320 rotundam
413 4279 517 4321 versus
534 4264 676 4338 templum
692 4263 869 4322 Faustinae:
893 4283 921 4321 v.
942 4281 1018 4340 quae
1034 4260 1098 4319 dixi
1114 4259 1287 4319 Jahresber.
1305 4261 1384 4320 1876

57 4382 88 4438 p.
109 4361 176 4421 173.
213 4365 313 4440 itaque
334 4381 393 4422 non
413 4363 502 4440 longe
517 4384 535 4422 a
549 4365 677 4441 pristina
696 4365 766 4424 sede
781 4366 930 4424 abstracta
943 4365 1026 4424 basis
1042 4362 1242 4422 anathematis
1258 4365 1384 4422 alicuius

57 4463 131 4522 olim
146 4469 176 4522 in
191 4465 277 4537 atrio,
292 4465 408 4542 opinor,
423 4465 474 4524 illo
490 4466 644 4526 conlocata
659 4474 688 4526 et
702 4475 830 4543 reperta,
846 4468 872 4527 si
888 4466 1021 4527 Caninae
1037 4465 1128 4524 verba
1142 4475 1220 4524 recte
1235 4467 1384 4544 intellego,

54 4567 135 4624 inter
158 4565 311 4626 basilicam
334 4568 438 4626 Iuliam
464 4579 494 4627 et
521 4569 623 4628 aedem
646 4567 781 4628 Castoris
808 4570 851 4644 (n.
872 4570 909 4629 53
935 4570 1066 4646 [Ve]staa
1091 4573 1194 4630 donum
1215 4591 1272 4648 pra
1295 4571 1385 4628 salute

55 4668 154 4726 Iuliae
175 4668 351 4746 Aaq(ustaa)
374 4674 473 4729 matria
495 4672 538 4729 M.
562 4671 701 4730 Antonini
722 4671 873 4748 Aap(acti)
894 4672 1012 4748 n(oatri)
1035 4675 1129 4750 cett).

142 4771 263 4830 Atrium
285 4771 359 4830 illud
381 4773 412 4830 in
435 4773 593 4832 annalibus
616 4792 760 4832 annorum
777 4772 836 4832 542
853 4784 882 4832 et
897 4775 967 4846 543,
989 4775 1097 4851 quibus
1121 4794 1194 4835 usus
1216 4785 1264 4835 est
1277 4774 1384 4832 Livius

57 4871 109 4943 26,
134 4871 183 4944 27,
207 4872 235 4931 3.
259 4872 308 4946 ii,
334 4875 381 4946 11,
407 4874 454 4947 16,
476 4879 580 4933 atrium
602 4880 709 4952 rapiam
737 4877 847 4935 dictam
870 4895 938 4936 esse
965 4887 1137 4936 constat—
1153 4877 1282 4936 secundo
1304 4877 1384 4934 enim

54 4974 126 5032 loco
148 4975 228 5049 quod
251 4976 391 5033 traditum
413 4986 459 5035 est
479 4981 582 5036 attium
604 4981 711 5052 rapiam
733 4979 784 5053 qui
807 4979 967 5037 defendunt
988 4999 1048 5038 rem
1070 4981 1200 5056 ineptam
1216 4997 1270 5037 nec
1292 4977 1384 5036 latine

56 5076 169 5134 dictam
184 5083 356 5135 tuentur-
372 5079 459 5150 unde,
482 5087 514 5137 ut
528 5089 627 5138 cetera
640 5090 762 5152 taceam,
779 5081 908 5139 eflicitur
923 5091 956 5138 ut
970 5081 1073 5158 templi
1088 5081 1259 5156 Regiaeque
1274 5079 1382 5138 atrium

54 5178 136 5236 idem
162 5178 257 5237 fuisse
285 5179 512 5240 existimandum
541 5182 589 5239 sit.
633 5181 745 5258 templo
771 5181 860 5258 igitur
886 5181 997 5240 Vestae
1018 5183 1115 5258 Regia
1142 5183 1283 5261 contigua
1309 5190 1382 5240 erat.
