3496 5828
663 458 712 508 na
732 455 859 509 saonis
880 455 972 507 orrs.
1433 435 1478 506 63

133 640 279 696 constat.
322 631 375 689 sed
397 648 505 689 rursus
527 629 618 690 modo
639 632 681 689 cd
702 634 807 690 circam
829 649 864 686 m.
890 629 946 704 (ita
967 629 1027 687 kal.
1052 625 1206 687 Summani
1228 635 1258 685 et
1279 627 1419 686 Herculis
1442 629 1485 686 in·

129 733 248 809 victi),
270 735 357 792 modo
381 737 563 791 incircum.
587 733 645 807 (ita
667 731 773 791 Livius
795 733 845 804 37,
861 731 900 789 30
928 731 1032 790 aedem
1055 729 1238 806 Iuventatis)
1266 729 1361 788 luisse
1384 730 1485 790 dicun·

126 854 197 901 tur.
253 835 353 894 eadem
383 835 584 912 discrepantia
614 835 643 893 in
671 834 780 910 templo
804 833 875 910 Spei
904 835 945 892 ed
963 836 1064 910 soram
1091 833 1253 892 holitorium
1284 836 1383 908 posito
1411 841 1487 891 teste

127 941 204 1004 kal.
237 937 315 996 Vall.
339 939 424 1010 Ara,
447 941 476 995 in
492 939 563 1012 soro
586 937 612 995 l.
635 946 710 996 teste
732 935 820 995 Livio
843 936 893 1009 21,
911 934 961 1008 02,
984 935 1112 1012 denique
1141 937 1170 994 in
1200 935 1317 1010 templis
1341 935 1486 994 kalenda·
1535 963 1539 968 ·

127 1047 263 1104 riorum
285 1057 342 1099 usu
366 1040 514 1098 constanti
540 1041 582 1097 ud
600 1041 700 1114 soram
729 1039 817 1098 dictis
842 1037 974 1110 Saturni,
1004 1037 1091 1115 Opis,
1120 1039 1180 1096 divi
1204 1038 1284 1110 lulli,
1307 1036 1432 1096 aliorum
1455 1040 1486 1094 in

123 1151 224 1226 sero,
251 1143 287 1200 ad
311 1161 388 1219 quae
409 1142 489 1201 inira
511 1141 695 1201 redeundum
719 1151 774 1199 est.

238 1246 265 1302 4.
310 1243 371 1304 Sed
394 1245 431 1301 ab
455 1246 511 1302 hac
533 1243 675 1321 loquendi
699 1243 911 1316 inconstantia,
935 1263 1023 1320 quam
1046 1263 1077 1302 rc
1101 1262 1172 1301 vera
1195 1243 1307 1302 nullam
1324 1261 1393 1302 esse
1415 1261 1486 1301 con·

133 1347 291 1418 cesseris,
314 1355 377 1405 toto
399 1347 483 1406 caelo
509 1347 635 1406 distaret
657 1355 686 1404 et
708 1347 861 1405 nominum
889 1347 993 1423 templi
1017 1344 1094 1423 Opis
1116 1348 1158 1404 ad
1171 1348 1271 1420 semen
1295 1357 1324 1403 et
1345 1349 1375 1404 in
1401 1347 1485 1421 Capi-

138 1451 217 1510 tolio
243 1449 413 1519 diversitas,
436 1467 497 1525 qua
519 1450 556 1508 de
578 1449 704 1526 agimus,
727 1459 756 1507 et
778 1449 929 1507 nominum
954 1447 1055 1506 sacelli
1080 1446 1173 1506 Consi
1194 1452 1224 1506 ia
1242 1447 1382 1506 Aventino
1404 1455 1434 1506 et
1456 1452 1486 1504 in

141 1557 238 1622 circo,
260 1551 296 1608 de
318 1551 428 1626 quibus
452 1551 623 1610 nominibus
639 1570 717 1610 nunc
739 1552 844 1628 paneis
867 1550 1033 1610 absolvam.
1078 1548 1263 1625 Capitolium
1285 1551 1376 1626 igitar
1391 1558 1420 1609 et
1442 1549 1484 1608 lo·

144 1672 216 1712 rum
240 1657 307 1730 ipso
335 1655 394 1712 situ
423 1655 465 1712 ita
486 1653 615 1712 discreta
643 1661 712 1712 sunt
734 1663 767 1712 nt
789 1653 944 1711 adseram
972 1673 1031 1710 non
1055 1653 1151 1728 possit
1177 1653 1272 1711 fuisse
1293 1653 1373 1728 quod
1395 1652 1486 1711 suerit

151 1756 181 1813 in
204 1752 366 1832 Capitolio.
411 1775 507 1833 neque
534 1765 653 1833 praeter
681 1753 802 1815 Saturni
830 1755 971 1832 templum
995 1755 1074 1814 aliud
1102 1755 1195 1812 ullam
1218 1755 1319 1814 audivi
1341 1754 1484 1813 creditum

158 1874 221 1913 esse
253 1867 378 1934 utraque
410 1858 467 1915 hac
499 1858 701 1935 appellatione
733 1857 868 1935 potuisse
902 1856 1072 1934 significari.
1116 1875 1170 1916 nec
1194 1876 1295 1915 rerum
1321 1865 1376 1928 est,
1404 1855 1483 1932 quod

164 1960 355 2018 excusationis
379 1977 471 2018 causa
493 1959 610 2032 dicitur,
634 1961 663 2018 in
687 1959 794 2018 declivi
817 1959 927 2018 montis
950 1969 1029 2017 stare
1047 1958 1167 2019 Saturni
1191 1959 1347 2035 templum:
1371 1967 1432 2018 stat
1453 1967 1486 2015 ut

168 2055 235 2116 inira
247 2061 358 2121 dicetur
381 2062 436 2120 sub
458 2061 535 2120 clivo
552 2059 734 2138 Capitolino,
757 2080 844 2138 quem
867 2062 966 2120 locum
989 2081 1076 2120 nemo
1099 2080 1227 2137 utiquam
1251 2079 1306 2137 pro
1329 2069 1412 2136 parte
1428 2059 1485 2120 Ca-

175 2157 251 2229 pitolii
277 2165 449 2222 venditavit.
496 2164 548 2224 sed
576 2164 613 2222 ad
635 2163 755 2224 Saturni
782 2164 884 2222 aedem
912 2164 991 2222 inlra
1017 2163 1198 2223 redeundum
1227 2170 1281 2222 est.
1325 2163 1362 2222 de
1387 2161 1483 2222 Consi

174 2264 250 2323 soem
276 2265 353 2324 binis
385 2267 456 2325 olim
484 2281 542 2324 non
570 2265 736 2324 dubitatum
765 2279 817 2324 eat.
863 2284 932 2324 narn
955 2263 1050 2324 Consi
1077 2285 1159 2325 aram
1186 2269 1217 2323 in
1239 2269 1313 2324 circo
1336 2267 1387 2326 eud
1410 2276 1485 2323 terro

170 2361 207 2414 Μ
219 2371 320 2439 primus
342 2380 432 2428 raetos
453 2368 546 2427 luisse
562 2368 743 2427 Tertulliani
760 2369 851 2426 rerba
871 2368 981 2426 totiens
1002 2367 1160 2426 decantata
1183 2375 1346 2427 testantur:
1369 2369 1426 2426 hoc
1441 2377 1487 2426 est

154 2455 202 2516 ἃᾶ
227 2481 304 2548 caput
332 2471 437 2546 spinae
464 2470 494 2527 in
521 2470 590 2546 ipsa
618 2471 730 2528 harena
756 2490 791 2528 co
818 2470 884 2528 loco
912 2489 972 2546 (ruo
1000 2470 1088 2528 etiam
1121 2471 1151 2528 in
1182 2471 1262 2529 circo
1290 2471 1485 2530 Maxentiano

136 2563 240 2627 ‘'¹¹⁴am
260 2572 312 2630 sub
336 2582 416 2631 terra
438 2571 587 2630 conditam
611 2573 707 2630 luisse
731 2591 807 2630 nunc
822 2591 942 2649 quoque
959 2572 1116 2630 cernimus.
1160 2573 1241 2648 quod
1263 2573 1353 2649 igitur
1376 2575 1406 2632 in
1422 2574 1485 2648 pla·

114 2654 235 2728 ”ieie
256 2675 385 2733 harenae
412 2675 517 2745 fuerit,
540 2673 570 2730 id
598 2677 628 2732 in
651 2675 790 2734 Aventino
818 2675 912 2734 luisse
935 2674 1025 2733 nullis
1048 2675 1194 2733 machinis
1217 2675 1351 2734 effeceris
1374 2693 1392 2732 a
1413 2692 1485 2750 quo·

98 2758 244 2832 ‘iham
274 2777 411 2853 potuisse
443 2777 501 2834 dici
534 2775 652 2836 Latine.
701 2778 803 2853 itaque
835 2797 901 2834 cum
936 2777 1063 2854 legimus
1096 2775 1190 2834 Conso
1222 2780 1252 2833 in
1283 2777 1423 2834 Aventino
1456 2777 1484 2834 d.

85 2841 124 2898 2
142 2861 181 2920 l
223 2879 294 2954 Aug.
318 2879 427 2954 (Vall.)
450 2891 479 2936 et
500 2879 527 2936 d.
554 2878 590 2936 12
616 2879 689 2938 Dec.
714 2879 835 2956 (Amit.)
858 2879 968 2938 factum
995 2897 1071 2950 esse,
1093 2878 1246 2937 Beckerus
1272 2897 1301 2955 p.
1319 2878 1379 2936 450
1402 2879 1486 2936 Prel-

90 2965 141 3066 ῗ·
151 2981 237 3036 bus
258 2982 352 3057 Mytb.
375 3001 405 3058 p.
423 2979 478 3038 421
506 2981 556 3039 alii
584 2982 749 3041 rectissime
776 2983 833 3040 boc
862 2977 954 3040 Consi
981 2981 1124 3058 ternplum
1154 2981 1191 3038 ab
1217 3000 1269 3038 ara
1291 2979 1384 3040 Consi
1411 2981 1486 3038 solis

60 3064 114 3110 ⁰¹
132 3083 334 3143 ‘censibus
350 3083 430 3142 ludis
451 3083 615 3159 conspicua
636 3084 847 3142 discreverunt.
892 3083 1006 3141 accedit
1020 3084 1099 3158 quod
1115 3084 1212 3159 ipsius
1228 3083 1376 3168 Varronis
1396 3084 1488 3142 verba

57 3148 85 3207 ¹¹
106 3183 217 3241 Q,
236 3187 305 3245 satis
328 3187 409 3244 clare
432 3187 646 3244 demonstrant.
691 3205 759 3244 nam
783 3187 825 3244 ita
852 3187 983 3262 loquitur
1004 3185 1040 3243 de
1063 3186 1082 3244 l.
1100 3187 1118 3244 l.
1143 3187 1171 3257 6,
1195 3185 1234 3244 20
1258 3185 1301 3261 (p.
1320 3183 1378 3242 202
1403 3183 1486 3260 Sp.):

60 3253 314 3346 &olearia
330 3291 408 3346 dicta
431 3309 449 3346 a
468 3289 569 3359 Conso,
592 3289 670 3363 quod
690 3299 747 3346 turn
762 3291 859 3364 seriae
877 3289 1010 3364 publicae
1027 3291 1052 3346 ei
1073 3289 1134 3359 deo,
1158 3299 1183 3347 et
1205 3291 1234 3345 in
1258 3292 1333 3347 circo
1349 3289 1390 3346 aci
1403 3307 1487 3345 arem

57 3367 219 3444 ‘'flce
248 3391 281 3446 ab
314 3391 509 3449 sacerdotibus
543 3391 605 3448 ludi
636 3391 681 3448 illi
714 3392 815 3466 quibua
848 3394 972 3466 cirpinea
1001 3389 1128 3450 Sabinae
1154 3401 1264 3466 raptae.
1309 3391 1356 3448 his
1388 3389 1486 3448 verbis

64 3470 145 3529 M
161 3505 357 3550 ommsenus
380 3491 414 3551 C.
437 3494 462 3551 I.
484 3492 520 3550 L.
548 3495 559 3549 l
585 3511 614 3568 p.
632 3493 692 3550 400
716 3492 832 3550 ridetur
854 3504 978 3569 putasse
1000 3513 1018 3550 a
1039 3494 1208 3569 glossatore
1229 3492 1323 3551 inlata
1345 3510 1413 3552 esse
1435 3492 1487 3549 illa

78 3593 107 3636 (1
122 3578 185 3638 b
220 3595 424 3666 sacerdotibua;
447 3595 549 3653 omisit
571 3595 662 3652 euim:
691 3613 767 3670 quae
794 3599 819 3652 si
841 3594 898 3652 suit
920 3596 1067 3654 sententia
1089 3595 1164 3666 eius,
1188 3595 1309 3652 minime
1331 3595 1357 3652 ei
1380 3594 1487 3653 adsen-

89 3678 228 3750 ιίοτ.
266 3697 477 3755 sacrificabant
498 3697 576 3755 enim
601 3706 676 3755 teste
698 3697 887 3755 Tertulliano
910 3698 989 3775 apud
1011 3717 1092 3755 aram
1117 3695 1211 3756 Consi
1233 3701 1315 3754 aonia
1331 3697 1418 3754 Iuliis
1440 3716 1487 3754 aa·

108 3796 278 3856 cereolos
299 3799 408 3875 publici
431 3799 502 3874 (boc
518 3808 565 3857 est
578 3799 743 3876 pontifices,
767 3800 913 3871 flamines,
938 3799 1067 3875 virgines
1084 3799 1220 3874 Vestae),
1246 3799 1317 3857 XII
1328 3798 1387 3856 leel.
1405 3798 1484 3874 Sept.

121 3887 256 3974 flamen
280 3899 441 3969 Quirinalis
464 3911 491 3959 et
510 3904 645 3977 cirpinee.
688 3901 748 3958 iarn
771 3920 912 3978 compara
938 3901 991 3960 illa
1013 3902 1049 3960 de
1072 3901 1277 3977 Opiconsiviis
1308 3901 1388 3959 dicta
1412 3900 1487 3977 Ope·

147 4002 282 4058 constan
297 4004 357 4060 dies
373 4003 409 4059 ab
432 4003 485 4060 dea
505 4002 565 4078 Ope
578 4007 702 4074 consiva,
724 4007 827 4080 quoius
842 4007 872 4061 in
895 4007 976 4080 cepio
991 4007 1163 4074 sacrarium,
1187 4004 1266 4079 qaod
1285 4005 1348 4062 ideo
1364 4000 1486 4074 †ectum

163 4103 199 4150 ut
214 4115 237 4155 ec
251 4115 365 4178 praeter
379 4109 502 4180 cirpinee
517 4103 645 4164 Vestales
668 4115 694 4162 et
715 4107 887 4164 sacerdotem
906 4107 1052 4182 publicam
1069 4110 1190 4164 introeat
1210 4125 1306 4164 aemo:
1327 4105 1356 4162 in
1379 4105 1487 4180 quibus

175 4199 257 4260 verbis
277 4206 354 4281 quod
378 4220 549 4284 corruptum
574 4215 619 4266 est
640 4226 829 4285 quocumque
852 4209 940 4266 modo
968 4209 1101 4286 corrigas
1128 4207 1353 4284 (temptavimus
1376 4226 1431 4282 quo
1455 4209 1489 4264 de

188 4309 285 4365 trucum
305 4307 494 4380 Huscblrius,
524 4311 601 4385 quud
626 4311 687 4368 ideo
711 4319 805 4368 ertum
826 4311 911 4387 ego),
938 4321 1038 4369 tamen
1061 4311 1174 4386 liquido
1198 4317 1323 4387 apparet
1344 4309 1487 4369 contineri

186 4409 326 4469 memoriam
351 4411 429 4469 sacri
452 4431 471 4468 a
492 4411 567 4470 solis
590 4412 638 4471 bis
662 4412 866 4471 sacerdotibus
888 4413 959 4471 iacti
981 4413 1012 4470 in
1034 4413 1117 4489 regia
1138 4420 1257 4490 praeter
1281 4413 1372 4472 ferias
1394 4412 1487 4470 maio·

183 4520 220 4561 res
237 4511 266 4567 ad
281 4511 356 4589 Opis
371 4521 465 4572 actas.
510 4514 564 4572 sed
582 4514 618 4573 de
635 4533 721 4574 sacra
743 4516 773 4573 in
789 4519 872 4591 regia
890 4515 970 4573 facto
993 4515 1072 4572 infra
1087 4515 1193 4573 dicam.
1238 4515 1376 4573 similiter
1397 4513 1489 4590 igitur

180 4603 260 4668 Conso
280 4614 390 4674 lactum
413 4615 527 4676 dixeris
549 4635 568 4674 a
590 4617 797 4676 sacerdotibus
820 4617 857 4674 ad
880 4637 961 4675 aram
985 4617 1015 4674 in
1031 4617 1109 4674 circo
1132 4617 1270 4692 positam,
1293 4617 1382 4675 ferias
1404 4625 1487 4673 actas

177 4707 359 4776 Consualibus
381 4718 411 4775 in
436 4719 586 4778 Aventino
609 4719 647 4776 ad
671 4717 778 4778 Consi:
813 4717 959 4778 Varronis
982 4719 1059 4776 enim
1082 4720 1175 4777 verba
1196 4719 1333 4778 laborare
1357 4717 1431 4776 vitio
1453 4717 1488 4774 li-

172 4815 321 4876 brariorum
350 4821 426 4879 satis
455 4829 589 4898 apparet.
635 4829 707 4896 puto
729 4822 1004 4898 postsucerdetibuc
1027 4821 1172 4880 enuntiati
1195 4821 1304 4899 prioris
1321 4821 1420 4890 finem,
1443 4837 1488 4877 se-

167 4920 274 4995 quentis
297 4922 414 4980 initium
438 4923 597 4982 excidisse.
642 4931 771 4981 ceterum
796 4922 869 4981 deae
891 4941 999 4982 nornen
1018 4923 1206 5000 Opeccnaiaio
1228 4923 1306 5001 apud
1322 4922 1486 4980 Varronem

163 5020 296 5096 scripturn
324 5023 432 5096 fertur,
461 5025 531 5082 item
560 5024 646 5102 Opem
674 5028 830 5084 concivium
858 5025 1002 5104 scriptum
1030 5035 1077 5084 est
1103 5027 1131 5083 in
1160 5025 1313 5084 codicibus
1340 5023 1487 5082 Macrobii

160 5125 190 5188 S.
205 5123 229 5199 3,
248 5124 276 5196 9,
293 5126 325 5196 4;
348 5125 438 5184 dubia
458 5127 546 5185 lectio
569 5137 616 5185 est
637 5127 716 5205 apud
732 5127 855 5187 Festum
879 5147 907 5204 p.
928 5127 994 5186 186.
1040 5128 1113 5186 mihi
1135 5137 1248 5187 certum
1271 5125 1387 5183 videtur
1409 5123 1486 5181 diem

10 5255 13 5257 ·
78 5281 79 5286 ,
156 5231 346 5306 Opeccnrioic
368 5228 415 5286 cel
442 5228 629 5305 Opiceaeiuie
654 5229 764 5288 dictam
788 5249 864 5302 esse,
886 5227 971 5288 deam
997 5227 1084 5304 Opem
1107 5231 1257 5288 censivam.
