3488 5828
325 489 399 561 218
921 503 1066 554 nassau

325 683 380 754 sit;
402 680 454 740 sed
476 691 559 739 extat
580 680 664 749 alter,
687 686 771 737 extat
786 679 905 736 tertius:
929 695 1056 752 quorum
1071 675 1198 734 alterum
1213 674 1332 751 quidem
1348 673 1570 750 (Hadrianalea
1586 699 1617 736 n.
1630 679 1663 754 t)

325 804 386 844 non
413 784 527 860 legerat
553 781 606 840 illo
633 793 767 858 tempore
793 780 977 857 Borghesius
1006 778 1064 836 nisi
1091 778 1283 854 depravatum
1312 787 1342 836 et
1369 778 1513 837 vitiosum
1544 781 1662 856 qualem

327 884 476 947 Gruterus
503 905 532 961 p.
558 884 647 956 1095,
672 886 686 941 1
716 884 847 961 praebet,
878 881 1003 940 alterum
1032 879 1248 956 (Hadriauales
1275 900 1305 939 n.
1328 880 1371 957 2),
1399 880 1437 938 de
1464 901 1528 958 quo
1557 882 1661 958 olim¹)

326 987 444 1046 dixerat
465 989 542 1062 ipse,
564 987 685 1044 omnino
707 985 820 1044 oblitus
843 997 897 1042 est.
934 984 999 1042 lam
1021 983 1101 1058 quod
1123 989 1168 1041 ter
1184 999 1307 1041 santus
1320 999 1524 1042 nummatas
1540 1001 1664 1045 suasam

326 1106 543 1150 Aaronratsrtvs
564 1088 700 1160 occurrit,
723 1087 754 1146 id
776 1087 857 1146 casui
879 1085 971 1144 tribui
992 1085 1076 1143 nullo
1098 1097 1186 1162 pacto
1208 1092 1318 1162 potest.
1361 1086 1459 1144 Immo
1479 1089 1565 1163 quod
1586 1089 1663 1146 inter

327 1211 379 1251 eos
402 1209 478 1269 quos
500 1191 712 1266 inscriptiones
728 1191 873 1266 praebent
894 1187 1012 1248 sodales
1027 1186 1230 1246 Hadrianales
1252 1197 1314 1246 tres
1333 1187 1529 1248 inveniuntur
1548 1190 1662 1248 sodales

326 1293 526 1354 Hadrianales
553 1292 665 1352 sodales
688 1291 878 1350 Antoniniani
903 1309 1000 1366 neque
1027 1289 1107 1348 ullus
1134 1291 1245 1348 sodalis
1267 1289 1465 1349 Hadrianulis
1489 1291 1662 1350 Antoninia-

326 1417 390 1469 nus,
418 1415 478 1472 qua
503 1397 619 1454 ratione
642 1393 787 1470 explicari
807 1393 926 1471 poterit,
954 1392 1013 1450 nisi
1035 1391 1263 1470 distinguendos
1285 1409 1353 1450 esse
1376 1393 1605 1452 Antoninianos
1627 1395 1661 1451 ab

327 1499 564 1558 Hadrianalibus
588 1498 722 1572 duasque
744 1496 880 1554 diversas
902 1511 954 1553 eas
981 1494 1076 1554 luisse
1099 1493 1274 1552 sodalitates
1296 1495 1481 1554 statuemus?
1514 1495 1581 1554 Iam
1604 1503 1661 1554 tres

327 1603 354 1660 ei
381 1603 417 1660 de
445 1600 552 1677 quibus
578 1599 641 1657 dixi
670 1599 748 1656 tituli
770 1597 935 1674 accipiendi
962 1604 1032 1655 sunt
1054 1596 1091 1654 de
1117 1595 1288 1654 hominibus
1310 1597 1425 1654 duabus
1448 1597 1662 1658 sodalitatibus

327 1714 357 1762 et
378 1701 558 1762 Hadrianali
580 1711 608 1760 et
629 1701 836 1760 Antoniniana
858 1701 982 1758 ornatis.
1027 1698 1116 1772 Quod
1143 1707 1242 1757 autem
1264 1696 1419 1757 Hadriano
1442 1709 1473 1758 et
1497 1702 1661 1771 Antonino,

327 1806 459 1865 eiusdem
489 1803 588 1881 gentis
614 1803 701 1875 divis,
729 1803 863 1862 diversae
892 1801 1066 1860 sodalitates
1093 1809 1210 1858 creatae
1232 1809 1311 1870 sunt,
1339 1818 1398 1857 non
1425 1803 1537 1860 mirum
1560 1809 1608 1860 est
1629 1823 1662 1860 ea

329 1917 425 1966 aetate
454 1926 514 1983 qua
540 1906 661 1964 omnino
694 1905 827 1964 rationes
860 1903 1029 1980 gentiliciss
1056 1902 1215 1961 evanuisse
1242 1911 1369 1962 constat.
1413 1903 1537 1963 Nomen
1570 1905 1661 1963 fuisse

329 2011 416 2070 novis
450 2008 604 2067 sodalibus
636 2008 749 2066 sodales
777 2005 987 2065 Antoninianos
1021 2013 1125 2064 auctor
1156 2012 1203 2063 est
1235 2005 1420 2081 biographus
1447 2006 1498 2064 Pii
1531 2005 1661 2082 c.13²);

329 2131 457 2189 quocum
477 2109 667 2170 consentiunt
689 2109 766 2166 tituli
786 2108 955 2185 complures
977 2107 1057 2166 inira
1079 2105 1281 2182 exhibendi3).
1325 2109 1368 2165 At
1382 2109 1434 2166 vit.
1450 2108 1547 2167 Marci
1570 2129 1596 2167 c.
1614 2109 1661 2183 'l⁴)

330 2215 500 2274 Aurelianis
522 2213 567 2271 eis
590 2211 684 2269 fuisse
707 2229 815 2268 nomen
837 2219 985 2269 narratur.
1030 2207 1091 2269 Sed
1113 2209 1235 2268 sodales
1252 2208 1313 2266 divi
1327 2208 1377 2267 Pii
1398 2229 1511 2268 nomen
1533 2213 1663 2270 traxisse

329 2319 367 2376 ab
383 2315 508 2375 Aurelio
530 2315 650 2373 nomine
672 2331 731 2389 quo
755 2314 926 2372 Antoninus
950 2332 985 2370 eo
1009 2311 1103 2370 solum
1127 2319 1261 2387 tempore
1284 2329 1355 2369 usus
1377 2320 1422 2370 est
1443 2330 1505 2388 quo
1528 2314 1662 2389 privatus

329 2422 419 2479 homo
442 2417 497 2475 tuit
520 2415 603 2490 (uam
625 2415 693 2474 inde
717 2416 754 2473 ab
777 2435 804 2474 a.
823 2415 880 2474 138
902 2423 1062 2492 postquam
1086 2415 1124 2472 ab
1139 2413 1295 2472 Hadriano
1316 2413 1475 2490 adoptatus
1495 2415 1526 2471 in
1543 2416 1663 2474 domum

330 2519 461 2598 Augusti
483 2519 566 2576 venit
587 2535 693 2575 nomen
717 2517 744 2574 ei
766 2517 822 2574 fuit
846 2517 877 2575 T.
901 2517 985 2575 Aelio
1007 2515 1175 2590 Antonino),
1198 2516 1262 2574 veri
1285 2515 1382 2574 simile
1404 2533 1462 2572 non
1487 2525 1549 2587 est;
1574 2519 1663 2576 immo

330 2642 460 2681 errorem
490 2620 638 2679 commisit
670 2619 853 2696 biographus
884 2618 977 2677 Marci
1005 2618 1053 2676 vel
1086 2617 1112 2675 is
1142 2636 1230 2693 quem
1263 2618 1446 2694 biographus
1478 2620 1664 2696 compilavit,

332 2726 445 2784 Marius
469 2723 630 2793 Maximus,
652 2741 778 2798 eumque
804 2741 864 2780 non
894 2721 981 2778 nimis
1003 2738 1134 2796 gravem,
1164 2738 1230 2776 curn
1253 2739 1287 2778 eo
1310 2727 1444 2796 tempora
1466 2739 1528 2796 quo
1552 2723 1665 2780 Marius

333 2828 483 2886 Maximus
507 2823 627 2899 scripsit
648 2822 767 2882 sodales
787 2823 986 2882 Antoniniani
1007 2829 1084 2880 recta
1100 2819 1252 2880 Aureliani
1271 2831 1489 2897 nuncupentur.
1534 2823 1665 2899 Inscrip-

331 2930 428 2988 tionas
456 2943 575 3003 quoque
601 2925 632 2984 in
660 2925 769 3002 quibus
792 2923 947 2983 Aureliani
971 2924 1163 2982 inveniuntur
1189 2941 1249 2981 non
1270 2924 1375 3000 primis
1396 2933 1468 2999 post
1489 2924 1540 2983 Pii
1563 2944 1666 2985 conse·

331 3031 495 3090 orationem
521 3027 719 3104 temporibus,
752 3026 805 3085 sed
839 3025 999 3101 posteriori
1026 3027 1117 3084 aetati
1144 3025 1351 3084 attribuendae
1383 3043 1450 3084 esse
1483 3027 1665 3102 videntum).

333 3135 396 3192 lam
419 3139 493 3207 quot
514 3131 624 3189 luerint
646 3128 764 3187 sodales
779 3127 986 3198 Antoniniani,
1009 3128 1177 3204 ignoratum
1200 3137 1231 3185 et
1245 3127 1387 3204 patricios
1403 3136 1433 3188 et
1454 3129 1595 3204 plebeios
1618 3147 1666 3188 eos

332 3235 428 3293 fuisse
450 3231 587 3308 exempla
608 3251 684 3308 quae
711 3231 861 3308 lapidibus
887 3231 974 3289 nobis
997 3239 1118 3289 servata
1147 3239 1217 3290 sunt
1237 3228 1387 3305 docent).
1431 3229 1601 3290 Fastorum
1623 3251 1667 3291 aa

411 3437 434 3500 l)
472 3435 541 3488 Ball.
562 3431 621 3488 dett
643 3437 701 3488 inst.
723 3435 794 3487 1830
813 3453 838 3502 p.
854 3438 915 3487 201.

410 3528 435 3593 ²)
474 3528 570 3580 Meruit
584 3565 677 3580 .....
693 3528 849 3596 attemptata
868 3527 1011 3579 etsodules
1030 3527 1224 3579 Antoninianos.

410 3621 435 3685 3)
474 3623 646 3673 Antoniniani
666 3637 691 3672 n.
708 3622 778 3672 1-5
799 3620 834 3686 (p.
851 3621 923 3682 219).

407 3713 432 3776 ⁴)
470 3711 505 3764 Et
524 3713 661 3765 laudavere
680 3721 781 3780 uterque
795 3729 846 3780 pra
867 3714 959 3764 rostris
972 3719 1092 3780 patrem.
1109 3751 1114 3764 .
1130 3749 1136 3764 .
1151 3720 1174 3764 et
1192 3711 1292 3764 sodales
1314 3729 1344 3762 ex
1363 3713 1526 3764 amicissimis
1547 3715 1666 3766 Aurelia·

333 3826 379 3859 naa
397 3822 523 3860 creavere.
1019 3791 1020 3794 Ἴ

410 3899 434 3962 ⁵)
473 3899 645 3950 Antoniniani
670 3899 712 3948 11.
735 3899 776 3948 12.
799 3897 831 3948 13
852 3897 888 3962 (p.
904 3897 976 3959 221).

411 3991 435 4053 ⁸)
473 3993 593 4043 Plebeios
613 3991 806 4041 Antoninianos
831 3989 955 4040 habemus
980 4007 1004 4040 n.
1022 3993 1045 4040 1.
1061 3989 1086 4040 3.
1100 3992 1126 4040 4.
1143 3993 1185 4041 10.
1202 3991 1245 4041 13.
1260 4015 1293 4026 -
1309 3991 1429 4042 Ceterum
1449 3991 1545 4041 eadem
1571 3993 1669 4043 ratium

336 4100 387 4151 qua
406 4085 473 4135 inter
492 4085 610 4134 divorum
631 4083 732 4132 sodales
752 4091 777 4132 et
795 4083 919 4148 patricios
938 4089 964 4131 et
982 4083 1097 4148 plebeios
1117 4091 1251 4149 cooptatos
1264 4099 1320 4134 esse
1334 4085 1583 4147 demonstravimus,
1604 4086 1668 4135 idern

335 4179 367 4228 de
386 4178 444 4227 aliis
464 4176 618 4242 quibusdam
638 4175 789 4225 sacerdotiis
809 4175 841 4224 da
861 4175 953 4239 quibus
973 4177 1131 4225 contrarium
1155 4175 1222 4226 falso
1246 4177 1404 4226 statuebatur
1424 4177 1603 4228 demonstrari
1626 4194 1669 4243 po-

333 4275 390 4329 test,
416 4269 519 4319 sodales
543 4269 626 4318 Titios
652 4267 711 4317 dico
737 4275 762 4316 et
787 4267 880 4317 fratres
904 4267 1022 4318 Arvales.
1070 4267 1180 4320 Sodales
1204 4269 1288 4318 'litim
1314 4270 1438 4334 patricios
1463 4285 1571 4335 semper
1595 4271 1669 4321 tuisse

337 4359 418 4410 videri
439 4361 505 4409 dixit
523 4359 718 4424 Marquartltius
737 4361 763 4421 t,
781 4360 847 4410 147:
877 4367 903 4409 at
922 4367 993 4409 extat
1011 4359 1108 4410 sodalis
1127 4361 1211 4412 Titius
1230 4361 1345 4425 plebeius
1364 4377 1405 4426 ap.
1425 4361 1581 4413 Wilmanns
1603 4364 1667 4413 1191

336 4451 476 4502 =Renier
497 4451 582 4502 1818:
617 4449 648 4501 P.
669 4449 751 4501 Iulius
770 4450 802 4501 P.
815 4451 841 4517 s.
863 4447 935 4510 Quin.
960 4449 1088 4501 Geminius
1107 4449 1267 4515 Marcianus,
1281 4490 1288 4504 .
1303 4490 1310 4503 .
1326 4489 1332 4503 .
1346 4451 1444 4504 sodalr's
1467 4451 1555 4504 Titias
1555 4491 1669 4516 ......

336 4541 394 4594 trib.
407 4541 472 4610 pleb.
513 4544 616 4593 Fratres
636 4544 746 4593 Arvales
765 4545 888 4609 patricios
908 4559 963 4594 esse
983 4544 1102 4594 debuisse
1121 4545 1249 4596 Marinius
1268 4547 1357 4596 statuit
1376 4547 1426 4594 atti
1443 4562 1469 4610 p.
1481 4547 1576 4609 XVII,
1598 4562 1669 4613 quera

335 4642 436 4686 secutus
460 4643 498 4684 est
521 4636 714 4700 Marquardtius
738 4637 764 4698 4,
785 4637 853 4699 409;
885 4637 1043 4687 contradixit
1066 4638 1243 4688 Mommsenus
1267 4637 1299 4688 R.
1322 4635 1430 4688 Forsod.
1453 4641 1479 4700 1,
1502 4640 1547 4700 79,
1573 4639 1669 4690 nullam

335 4729 423 4778 dicens
446 4728 550 4778 subesse
575 4742 678 4777 causam
697 4729 814 4794 opinioni
834 4743 850 4777 a
868 4729 982 4779 Marinio
1001 4729 1142 4794 profectas,
1170 4744 1313 4795 repugnare
1337 4737 1421 4780 autem
1441 4731 1577 4782 silentium
1598 4732 1666 4782 Cice

334 4821 405 4870 ranis
426 4821 458 4870 de
485 4820 563 4870 domo
585 4821 627 4880 14,
649 4819 691 4870 33.
730 4821 764 4870 Et
788 4835 848 4870 vero
873 4821 989 4885 plebeios
1014 4823 1081 4872 inter
1107 4822 1216 4872 Arvales
1243 4837 1299 4873 esse
1324 4828 1458 4886 cooptatos
1486 4823 1584 4873 docent
1609 4825 1668 4874 haec

337 4913 470 4976 exempla:
493 4913 639 4963 Wilmanns
660 4913 729 4963 1151
751 4909 791 4973 (0.
813 4909 918 4962 Saluius
940 4911 999 4980 us.
1019 4909 1072 4964 Vel.
1086 4911 1216 4964 liberalis
1233 4912 1335 4965 Nauius
1352 4911 1451 4966 Bassus
1452 4951 1572 4977 ......
1584 4917 1670 4982 frater

336 5003 451 5066 Amatis,
478 5004 583 5054 allectus
606 5001 639 5052 ab
665 5003 725 5054 dico
750 5001 904 5071 Vespasiano
929 5013 953 5056 et
978 5004 1037 5057 divo
1061 5003 1118 5057 Tuo
1143 5007 1209 5056 inter
1228 5005 1401 5068 satanicas),-
1427 5007 1579 5058 Wilmauus
1601 5009 1668 5059 1159

337 5092 380 5153 (L.
401 5095 483 5145 Iulius
501 5093 534 5146 L.
546 5095 572 5160 s.
587 5093 653 5145 Fab.
673 5093 792 5145 Marinus
814 5093 941 5147 Caecilius
959 5095 1071 5165 Sinrplea
1072 5134 1187 5160 ......
1202 5097 1295 5149 aedilis
1310 5097 1383 5166 plebi
1383 5135 1503 5160 ......
1510 5099 1602 5166 stater
1621 5100 1667 5150 Ar-

337 5185 426 5251 oulis);
450 5187 531 5239 Orelli
557 5187 628 5238 3382
654 5185 696 5248 (Ρ.
722 5185 836 5238 Metilius
859 5187 891 5239 P.
909 5190 935 5253 s.
964 5187 1019 5240 cta.
1045 5187 1183 5254 Secundus,
1199 5229 1205 5242 .
1220 5228 1227 5242 .
1242 5192 1343 5257 .sratar
1366 5190 1476 5243 Arvales
1476 5229 1598 5255 ......
1613 5189 1668 5242 trib.
