3496 5828
235 2173 745 2292 osssuuvnulonus
783 2175 1299 2291 EPIGRAPHIGAE..

666 2411 817 2418 ---·-—0-—-

7 2619 22 2753 4}
121 2625 222 2732 uu.
271 2639 500 2735 nuuvu
531 2638 794 2734 onorius
825 2567 1390 2736 uunuvunuunsrs

21 2927 22 2930 ’
98 2844 179 2978 Inter
197 2922 256 2980 clia
278 2934 473 2982 monumenta
494 2943 571 3000 quae
594 2929 708 2983 amicus
730 2934 760 2982 ct
782 2924 883 2983 socius
907 2921 1060 2983 Gustcvus
1085 2923 1255 2982 Wilmanus
1281 2925 1338 2982 iter
1360 2924 1402 2982 fa·

90 3019 161 3080 ciens
173 3024 200 3081 in
213 3023 317 3083 Africo
332 3025 494 3102 indagavit,
510 3027 548 3084 cd
563 3046 610 3084 me
625 3027 706 3085 misit
720 3027 751 3085 id
766 3027 847 3102 quod
862 3025 997 3102 sequitur
1012 3025 1169 3096 edendum,
1184 3035 1216 3084 ut
1232 3025 1403 3101 speciminis

85 3125 145 3182 loco
163 3126 191 3184 id
205 3135 285 3184 esset
299 3128 389 3185 etium
412 3139 479 3204 post
498 3145 625 3187 messem
642 3128 853 3187 Reniericuom
873 3147 934 3186 nou
950 3127 1197 3186 contemnendum
1214 3129 1270 3186 sibi
1286 3147 1404 3186 remun-

8 3259 10 3270 =
78 3225 361 3306 sissespicilegium.
399 3227 499 3308 Leges
515 3241 612 3289 autem
630 3230 716 3288 huius
731 3230 930 3306 ephemeridis
945 3249 1012 3288 cum
1033 3229 1065 3287 in
1086 3229 1331 3288 uuiversumncu
1352 3231 1403 3288 ad·

73 3331 188 3388 mittant
203 3330 261 3388 nisi
276 3331 485 3408 supplementa
496 3351 598 3390 earum
614 3333 750 3408 corporis
766 3333 894 3407 partium
908 3350 984 3407 quue
1000 3332 1184 3407 prodierunt,
1197 3333 1301 3408 optimi
1314 3333 1404 3390 amici

69 3433 167 3490 iussis
188 3432 394 3508 obtemperare
417 3451 453 3490 eo
475 3435 574 3491 minus
598 3433 741 3506 dubitavi,
768 3434 848 3510 quod
871 3433 976 3492 titulus
998 3433 1106 3510 dignus
1128 3434 1245 3510 estqui
1267 3449 1402 3491 seorsum

64 3533 196 3610 prodest
221 3553 286 3592 cum
314 3535 527 3594 commentario
555 3535 580 3593 si
610 3555 670 3594 nou
696 3536 787 3605 iusto,
816 3544 894 3593 certe
922 3534 1056 3610 pleniore
1083 3553 1172 3610 quam
1200 3535 1277 3594 adici
1304 3543 1404 3609 potest

63 3637 99 3694 iu
122 3636 256 3694 ordinem
279 3636 394 3696 relatis.
437 3637 529 3696 Busis
552 3647 596 3697 est
621 3647 740 3714 repertu
762 3637 970 3712 Tirumugade,
998 3637 1086 3696 hodie
1109 3636 1248 3714 Tingue,
1277 3637 1306 3694 in
1334 3654 1402 3712 pro·

63 3737 171 3796 vincia
186 3737 338 3809 Numidia,
362 3739 423 3796 nita
445 3759 483 3796 m.
503 3742 528 3798 1.
549 3741 597 3810 10,
620 3741 682 3798 lato
703 3740 733 3798 in
757 3739 856 3798 antica
874 3740 903 3796 0.
921 3737 959 3796 26
983 3749 1012 3797 et
1033 3739 1061 3796 0.
1079 3737 1117 3797 25
1141 3738 1294 3797 deficiente
1317 3747 1402 3813 parte

60 3840 179 3911 medic,
202 3839 231 3897 in
258 3840 352 3898 latere
376 3849 502 3916 utroque
525 3841 553 3900 0.
570 3842 626 3912 57;
648 3841 755 3900 litteris
779 3842 848 3899 altis
870 3842 901 3899 in
923 3841 1023 3898 auticc
1044 3861 1062 3897 e
1085 3840 1112 3897 0.
1130 3840 1169 3898 08
1193 3840 1231 3897 ed
1253 3841 1282 3898 0.
1299 3841 1348 3911 05,
1371 3839 1402 3897 in

61 3939 214 3999 lateribus
231 3942 258 3998 0.
276 3939 316 3999 02
332 3959 391 3998 non
406 3941 539 4018 pulchris
556 3943 602 4016 iis,
619 3944 673 4003 sed
688 3943 824 4001 lectionis
839 3949 946 4001 certae.
970 3941 1095 4000 Posticu
1110 3960 1273 4018 numquam
1290 3942 1402 4018 scripta

59 4043 134 4100 fuit.
180 4041 339 4120 Inscriptio
361 4053 480 4120 practer
496 4045 611 4104 anticoe
633 4046 750 4104 litteras
766 4045 913 4122 quasdam
935 4044 966 4101 in
989 4045 1093 4102 mediis
1110 4043 1245 4102 versibus
1261 4043 1400 4102 effractus

59 4146 184 4219 integra
213 4145 250 4201 ad
279 4163 336 4202 uos
362 4146 496 4222 pervenit
518 4149 708 4223 abundatque
736 4147 865 4222 spatium
889 4145 920 4204 in
946 4145 1091 4204 lateribus
1114 4145 1166 4216 itu,
1189 4154 1222 4202 ut
1243 4145 1401 4221 quadrata-

57 4247 128 4303 rius
155 4245 241 4303 facile
261 4246 356 4305 multo
378 4247 464 4323 pluro
487 4248 529 4307 ibi
551 4250 736 4326 perscribere
759 4249 897 4326 potuerit.
940 4248 1013 4325 Ipsa
1033 4247 1191 4324 inscriptio
1214 4247 1288 4304 haec
1310 4253 1364 4304 est.
