3496 5828
460 555 764 610 ossenvamonns
791 557 1080 610 urtonaemoan.
1386 539 1431 612 79

185 731 296 789 Album
321 731 413 808 igitur
440 741 576 790 tenemus
605 731 718 789 ordinis
742 730 1012 808 Thamugadensis,
1042 731 1130 808 quale
1152 731 1233 789 aliud
1259 732 1373 791 nullum
1395 734 1434 792 ad

54 857 119 902 nos
178 833 312 908 pervenit
334 843 454 909 practer
476 833 664 893 notissimum
681 831 869 892 Canusinam
893 834 1035 910 scriptum
1060 831 1174 893 a.(lhr.
1192 832 1262 892 223.
1307 833 1354 892 De
1376 836 1434 894 hoc

54 947 200 1003 rostro
228 944 261 993 ut
287 943 366 994 recte
393 935 548 1006 iudicetur,
577 943 647 994 anta
674 937 774 994 omnia
796 946 880 995 aetas
903 937 1129 995 determinanda
1150 943 1205 1008 θεῖ,
1228 936 1308 1012 quod
1329 953 1433 1012 quam·

56 1056 188 1122 quam
218 1037 359 1096 consules
386 1055 446 1096 non
468 1038 566 1109 habet,
594 1047 626 1096 ut
649 1039 739 1096 habet
761 1035 957 1110 canusinum,
983 1037 1177 1096 nihilominus
1200 1047 1282 1097 certa
1303 1047 1332 1096 et
1353 1038 1433 1096 sacili

57 1145 213 1206 ratione
240 1140 343 1216 pertici
370 1147 478 1216 potest.
523 1139 600 1199 Tres
629 1139 706 1198 enim
734 1140 870 1198 homines
900 1159 938 1198 ex
966 1141 1123 1198 recensitis
1151 1140 1192 1198 ibi
1222 1139 1341 1198 aliunde
1369 1141 1433 1198 noti

60 1255 178 1312 aaut,
200 1241 365 1300 Vulcacius
387 1241 515 1301 Rufinus
538 1243 581 1318 (l,
599 1243 641 1317 3),
664 1242 715 1317 qui
737 1242 814 1300 inter
834 1251 978 1320 patronos
1002 1241 1146 1300 senatorii
1168 1241 1281 1300 ordinis
1302 1242 1431 1319 primum

62 1351 197 1408 locum
225 1343 350 1414 obtinet,
377 1351 407 1401 et
428 1344 563 1402 flamines
586 1343 720 1420 perpetui
748 1344 806 1401 duo
834 1344 959 1402 Flavius
981 1343 1144 1419 Aquilinus
1167 1343 1211 1419 (2,
1228 1343 1260 1420 6)
1285 1351 1315 1402 ct
1337 1345 1431 1402 Auto-

65 1452 156 1508 aius
190 1444 393 1503 Petronianus
416 1443 541 1520 (2,11).
585 1444 748 1503 Vulcacius
769 1445 898 1504 Rufinus
925 1445 1091 1504 avunculus
1114 1453 1160 1505 θεῖ
1182 1444 1265 1504 Galli
1288 1444 1431 1505 Caesaris

68 1562 90 1610 et
136 1547 350 1624 imperatoria
383 1546 503 1616 Iuliani,
536 1544 645 1606 Gallae
672 1547 764 1625 igitur
790 1549 895 1606 matris
923 1567 1027 1606 eorum
1055 1547 1157 1618 frater,
1190 1565 1258 1608 cum
1286 1547 1431 1607 Vulcacio

71 1650 258 1712 Gallicano
291 1667 392 1708 rerum
425 1649 569 1724 scriptore
602 1650 708 1708 aetatis
743 1647 1011 1708 Constantinianus
1046 1650 1148 1710 nescio
1181 1667 1241 1726 qua
1276 1650 1431 1726 parentela

72 1752 282 1822 coniunctus,
306 1750 410 1809 consul
433 1750 603 1809 ordinarius
621 1771 653 1815 a.
677 1751 748 1822 347,
771 1751 939 1828 praefectus
962 1753 1113 1828 praetorio
1136 1771 1163 1810 a.
1181 1751 1240 1810 349
1264 1750 1317 1826 (sd
1340 1770 1430 1827 quam

74 1851 314 1931 praefecturam
343 1861 460 1928 spectat
487 1852 591 1912 titulus
620 1853 685 1911 eius
713 1851 902 1913 Savariensis
931 1854 988 1911 vol.
1005 1853 1054 1911 Ill
1078 1873 1106 1912 n.
1121 1852 1232 1929 4180),
1260 1852 1429 1930 praefectus

76 1954 248 2032 praetorio
269 1955 377 2012 iterum
400 1973 427 2012 a.
452 1953 522 2026 368,
549 1954 580 2012 in
608 1973 667 2030 quo
695 1956 809 2014 honore
831 1955 905 2014 obiit
927 1955 1093 2031 (Ammian.
1110 1955 1159 2028 27,
1176 1953 1205 2027 2,
1221 1953 1249 2013 2.
1273 1955 1428 2031 c.11,1);

79 2075 154 2114 naua
196 2055 347 2115 diversum
375 2057 452 2114 hunc
481 2075 500 2112 a
528 2057 679 2133 praelecto
701 2077 729 2116 a.
753 2057 812 2116 349
840 2058 999 2134 quominus
1021 2058 1195 2127 habeamus,
1224 2059 1323 2116 obstat
1348 2057 1430 2133 quod

79 2159 112 2214 ait
143 2159 338 2216 Ammianus
362 2177 428 2216 eum
452 2159 529 2216 hanc
551 2159 769 2234 praefecturam
796 2161 963 2218 obtinuisse
985 2160 1060 2218 uelut
1080 2163 1190 2236 apicem
1212 2163 1358 2218 senectutis
1380 2161 1429 2217 lto-

80 2268 224 2318 noratae.
268 2258 406 2320 Ceterum
435 2259 472 2318 de
493 2259 603 2319 Rufino
625 2262 682 2319 hoc
704 2260 770 2319 vide
792 2279 870 2338 quae
897 2263 1051 2338 congessit
1073 2259 1280 2322 Gothol'redus
1307 2261 1339 2320 in
1361 2279 1429 2336 pro·

83 2363 299 2438 topographia
322 2381 351 2438 p.
368 2362 416 2421 st.
442 2360 494 2434 823
522 2381 618 2439 nequa
644 2363 721 2421 enim
749 2363 840 2422 rebus
868 2365 961 2440 gestis
984 2365 1048 2422 eius
1070 2363 1245 2424 enarrandis
1271 2365 1327 2422 hoc
1349 2381 1428 2422 com·

85 2464 303 2522 menteriolum
331 2473 434 2540 aptum
465 2475 520 2522 est.
565 2465 701 2524 Alterum
730 2465 795 2523 eius
822 2465 952 2526 nominis
981 2466 1077 2524 virum
1104 2483 1285 2542 quamquam
1312 2466 1427 2524 nullum

87 2559 193 2623 tuisse
213 2565 410 2624 demonstrari
432 2585 492 2624 non
514 2575 622 2643 potest,
646 2577 723 2626 certe
739 2567 853 2625 nullum
870 2567 1018 2626 novimus.
1035 2600 1073 2610 -
1091 2566 1161 2625 Duo
1176 2574 1274 2626 autem
1289 2566 1426 2626 flamines

89 2659 124 2717 illi
154 2669 287 2726 redeunt
309 2687 376 2726 cum
398 2686 433 2726 eo
459 2669 527 2744 ipso
550 2669 720 2728 sacerdotio
743 2671 773 2727 in
800 2669 895 2729 titulis
921 2669 1037 2728 duobus
1060 2668 1361 2747 Thamugadensibus
1383 2669 1426 2726 cl-

92 2770 148 2816 itro
195 2771 272 2848 apud
299 2769 472 2830 Renieriam
505 2790 533 2828 n.
553 2769 631 2829 1519
664 2779 694 2830 et
721 2769 951 2830 Wilmannsium
985 2769 1082 2846 ipsum
1116 2791 1144 2828 n.
1168 2770 1261 2829 1088:
1297 2773 1428 2828 (ianitori

2 2869 5 2954 ,
95 2862 225 2944 tortium,
249 2877 354 2931 inuicto
382 2876 461 2948 imp,
490 2873 734 2948 indulpcatissimo
759 2876 898 2949 principi,
927 2873 955 2929 d.
978 2891 1006 2929 n.
1029 2873 1078 2930 Fl.
1105 2873 1148 2932 Cl.
1177 2873 1295 2930 Iuliano
1324 2875 1427 2930 maiolo

92 2967 131 3035 ili
149 2974 241 3042 felici
263 2993 372 3050 semper
395 2975 471 3051 Aup.
496 2993 540 3034 rec
560 2994 592 3050 p.
616 2985 641 3032 st
667 2975 737 3032 ordo
759 2975 887 3033 coioniae
909 2973 1044 3050 Thomup.
1074 2985 1192 3035 curante
1215 2974 1263 3032 Fi.
1286 2973 1425 3050 Aquilino

2 3100 5 3112 *
90 3063 117 3134 ll·
135 3085 178 3140 P·
208 3087 336 3135 curatore
363 3078 406 3135 rei
430 3077 499 3152 pult.
520 3080 619 3152 posuit
643 3077 847 3152 dedicauitque,
874 3075 968 3134 altero
996 3078 1076 3152 apud
1103 3076 1222 3135 eosdem
1252 3075 1425 3135 Renierium

2 3115 6 3230 l
97 3179 117 3220 ¹¹·
132 3167 221 3236 1520
236 3187 266 3236 et
281 3178 515 3237 Wilmannsium
537 3199 566 3236 n.
584 3177 658 3236 757:
680 3197 733 3254 pro
749 3179 958 3255 mcpnificcntia
980 3179 1089 3238 sacculi
1104 3179 1152 3236 dd.
1168 3197 1215 3236 nn.
1234 3177 1425 3237 Valentiniani

95 3271 114 3316 ‘²
134 3266 271 3338 tutata
297 3299 406 3356 seraper
434 3280 627 3357 Aupustorum
653 3279 815 3356 [quat]tucr
844 3283 975 3356 particio
1006 3280 1132 3358 Capitoli
1159 3284 1251 3340 serice
1278 3283 1425 3340 uetustatis

2 3393 4 3446 p
92 3363 257 3458 absumptos
280 3394 306 3441 et
325 3401 415 3458 usquc
437 3385 477 3440 ad
497 3386 554 3440 isac
568 3384 760 3457 pesdemonte
781 3381 958 3458 c[srruptcs]
984 3402 1055 3442 noco
1077 3401 1162 3459 cpcrc
1178 3385 1324 3459 perfectas
1347 3401 1425 3441 cccr-

2 3473 4 3502 ³
88 3475 232 3560 illasque
258 3485 400 3542 dedicavit
421 3485 567 3544 Publilius
593 3483 744 3544 Cacionius
771 3483 910 3560 Caecin[a
932 3484 1071 3562 Aliquae
1092 3489 1138 3544 cir
1158 3486 1337 3544 clarissimus
1361 3503 1425 3544 con·

2 3611 3 3662 3
85 3567 199 3644 talari,
227 3587 392 3646 curantibus
416 3587 499 3645 Aelio
521 3587 638 3645 Iuliano
661 3591 761 3646 lterum
787 3587 984 3663 reipublicae
1006 3587 1179 3663 [curatore],
1203 3587 1309 3646 Flauio
1332 3585 1423 3662 Aqui—

2 3668 4 3681 ζ
82 3660 126 3725 HV
151 3689 200 3758 ff.
221 3707 284 3764 pp,
308 3688 433 3747 Antonio
454 3688 628 3748 Petroniana
645 3689 681 3763 ff.
701 3709 764 3765 pp,
788 3687 912 3747 Aratonic
927 3689 1107 3748 Ianuariano
1124 3691 1161 3764 ff.
1183 3709 1232 3767 pp.
1275 3689 1367 3748 Prior
1389 3689 1424 3746 ti·

79 3766 162 3839 tulus
200 3789 330 3868 scriptus
359 3798 405 3850 est
431 3792 508 3850 inter
535 3811 561 3849 a.
587 3791 643 3850 361
676 3799 705 3850 et
728 3791 797 3862 363,
825 3791 900 3849 alter
926 3793 1003 3849 inter
1031 3811 1058 3848 a.
1082 3791 1142 3850 364
1170 3801 1200 3850 θῖ
1222 3790 1292 3862 367,
1321 3797 1351 3848 εῖ
1375 3790 1424 3848 hic

73 3869 207 3976 llldem
236 3901 315 3951 certe
342 3901 413 3970 post
440 3893 540 3951 album
568 3893 648 3968 quod
677 3893 806 3963 edimus3
834 3912 903 3951 nam
930 3893 1036 3952 tertius
1063 3894 1171 3953 flamen
1204 3899 1366 3970 perpetuus
1392 3892 1423 3949 in

69 3973 168 4041 mulo
204 3994 378 4052 nominatus
408 3996 445 4053 ab
468 3995 537 4054 albo
560 3996 645 4054 abest
667 4003 789 4072 etpost
816 3994 846 4052 id
869 3994 1012 4072 scriptum
1034 4013 1158 4054 necesse
1181 4003 1229 4054 est
1250 3994 1422 4053 flamonium

65 4083 246 4161 acc&perit
291 4097 402 4154 Album
425 4097 516 4173 igitur
538 4097 745 4174 scriptumest
767 4096 913 4173 proximis
929 4097 1016 4154 annis
1040 4103 1107 4155 ante
1124 4097 1183 4155 367
1207 4105 1259 4155 aut
1280 4095 1422 4154 extremis

64 4164 260 4256 C⁰¹¹8tantii
277 4205 330 4255 aut
344 4199 511 4275 imperante
527 4199 645 4258 iuliano
662 4208 713 4258 aut
727 4199 831 4276 primis
848 4199 1051 4257 Valentiniani
1068 4199 1238 4274 fratrisque.
1283 4195 1340 4256 Oui
1356 4215 1422 4256 sae·

60 4275 125 4336 ⁰¹¹¹st
183 4309 256 4374 apta
284 4309 330 4358 est
358 4319 424 4358 cum
454 4301 569 4376 reliqua
595 4300 675 4358 tituli
703 4301 839 4360 condicio
865 4312 927 4359 tum
954 4301 1106 4359 nominum
1129 4300 1217 4372 ratio,
1240 4318 1421 4376 quamquam

60 4387 222 4459 n⁰l¹2bile
243 4411 290 4460 est
310 4402 341 4458 in
363 4403 432 4480 ipsa
452 4402 638 4462 dedicatione
654 4403 702 4462 vel
718 4404 774 4462 hac
798 4410 894 4462 aetate
915 4419 1097 4479 praenomen
1120 4402 1288 4479 tribumque
1305 4403 1420 4460 adesse.

59 4469 223 4560 ofse¹ldit
248 4521 322 4562 sane
348 4503 379 4561 in
402 4504 607 4564 duoviralibus
630 4516 766 4580 repertus
788 4504 1003 4563 Faustinianus
1027 4501 1141 4564 (litheri
1164 4503 1208 4580 (2,
1224 4504 1279 4580 41)
1301 4505 1421 4562 nomine

59 4591 106 4696 ²¹¹}
149 4600 285 4663 Graeca
310 4607 426 4664 ratione
455 4616 507 4666 aut
539 4607 578 4664 ad
611 4607 749 4666 servilem
783 4607 986 4665 condicionem
1018 4607 1161 4677 sormat03
1194 4607 1247 4666 sed
1279 4625 1315 4665 ne
1348 4606 1422 4664 talia

60 4685 209 4764 qudem
231 4709 269 4766 ab
292 4709 349 4766 hoc
371 4709 491 4768 saeculo
514 4709 684 4767 abhorrent.
730 4708 922 4786 Quantopere
945 4717 1042 4766 autem
1070 4707 1299 4767 desiderandum
1321 4708 1421 4778 fuerit,

64 4793 95 4840 ut
112 4807 258 4868 Ordinis
280 4809 381 4886 qualis
404 4810 460 4868 luit
482 4812 603 4870 saeculo
625 4821 732 4887 quarto
754 4811 852 4887 imago
875 4819 957 4869 certa
979 4818 1009 4868 et
1030 4811 1120 4888 plena
1143 4811 1294 4880 existeret,
1316 4810 1346 4867 id
1361 4829 1421 4868 non

66 4899 241 4968 nedabunt
255 4911 313 4968 nisi
336 4912 388 4986 qui
411 4912 518 4971 horum
540 4925 706 4991 temporum
723 4913 895 4970 memoriam
915 4921 966 4970 aut
988 4913 1127 4989 ignorant
1147 4923 1198 4970 aut
1216 4922 1419 4970 contemnunt.

53 4985 133 5064 'Egi'
174 5029 255 5086 quae
277 5031 315 5069 ex
338 5013 394 5070 hoc
414 5013 500 5071 titulo
523 5022 574 5072 aut
595 5014 781 5074 elucidantur
804 5024 855 5072 aut
877 5015 1072 5073 addiscuntur
1093 5015 1222 5073 breviter
1244 5013 1419 5088 explicabo;

75 5107 142 5203 {¹³¹³
179 5113 318 5186 pluribus
341 5115 469 5192 negotiis
492 5116 627 5175 districto
651 5117 721 5174 mihi
737 5117 829 5174 otium
853 5117 954 5189 deluit,
977 5135 1032 5174 nec
1054 5117 1153 5192 placet
1175 5134 1230 5192 pro
1252 5114 1313 5173 albi
1330 5115 1419 5172 huius

81 5205 331 5281 111(θῑρτθῖῖῖῖὶοῐιθ
353 5235 415 5275 rem
439 5217 649 5293 municipalem
672 5231 740 5296 post
760 5218 983 5276 Diocletianum
1006 5217 1177 5276 universam
1200 5227 1370 5274 retractare.
