3488 5828
999 221 1025 309 t

316 483 385 552 178
571 567 572 572 ¹
665 471 670 479 ’
898 496 1044 557 suanae

308 693 410 752 posse,
436 694 515 752 quae
541 687 763 752 procuratorem
790 697 910 737 movere
938 681 1070 755 potuerit
1096 679 1135 737 ad
1161 679 1270 738 balnea
1295 679 1402 738 incolis
1434 680 1648 739 interdicenda

310 796 406 852 neque
432 779 564 856 intellegi
591 799 643 838 cur
673 779 872 838 excludantur
893 799 1003 840 causae
1026 782 1103 840 aliae
1125 799 1211 840 usum
1234 781 1408 840 balneorum
1431 782 1644 860 impedientes,

310 881 415 956 quales
439 893 509 938 sunt
530 882 631 941 hostes
653 882 833 956 latronesvc,
857 884 1035 956 incendium,
1060 893 1156 944 terrae
1178 897 1287 956 motus,
1311 885 1468 944 similiave.
1512 885 1646 961 Requiri

310 984 401 1060 igitur
427 985 598 1042 necessario
626 985 793 1043 cautionem
823 1005 900 1061 quae
927 987 1142 1062 complectatur
1169 1006 1277 1046 causas
1306 1006 1409 1046 omnes
1441 1006 1517 1064 quae
1552 1007 1643 1046 usum

310 1085 482 1144 balneorum
508 1087 551 1144 ita
572 1088 746 1162 impediant,
768 1098 801 1146 ut
820 1089 984 1147 conductor
999 1100 1085 1148 extra
1102 1091 1218 1168 culpam
1241 1091 1289 1148 sit.
1333 1091 1461 1167 Propter
1475 1109 1530 1165 quo
1546 1095 1643 1148 minas

310 1189 470 1262 particulas
501 1207 579 1264 quae
612 1201 751 1250 secuntur
776 1192 874 1269 ipsum
903 1194 1082 1268 impediendi
1109 1194 1322 1268 prohibendive
1344 1193 1521 1252 vocabulum
1553 1212 1644 1251 usur·

309 1299 412 1366 patum
434 1292 528 1350 fuisse
549 1294 706 1370 probabile
728 1304 781 1352 est.
825 1295 961 1354 Larandi
984 1306 1083 1354 autem
1106 1297 1283 1356 vocabulum
1309 1297 1502 1354 intransitiva
1522 1295 1643 1370 signiti-

309 1395 425 1452 catione
453 1415 541 1470 qnam
571 1395 673 1453 dicunt
693 1397 825 1454 indicare
847 1407 945 1474 potest
971 1399 1066 1474 ipsius
1089 1399 1189 1456 balnei
1213 1418 1298 1457 usum
1328 1419 1424 1475 neque
1446 1399 1534 1456 facile
1559 1399 1642 1455 vidc-

309 1507 358 1555 tur
379 1498 482 1556 referri
504 1515 594 1572 posse
616 1500 654 1556 ad
677 1501 840 1558 abonorum
863 1502 1080 1579 purgationem,
1096 1519 1172 1577 quae
1195 1483 1331 1578 proriime
1354 1501 1517 1578 praecedit3
1542 1517 1642 1576 quau-

308 1619 396 1675 quam
429 1601 640 1678 grammaticae
674 1601 756 1678 leges
793 1604 881 1661 talem
910 1605 1142 1680 explicationem
1172 1603 1309 1662 videntur
1337 1605 1473 1662 suadere.
1522 1600 1643 1661 Contra

307 1702 382 1760 illud
407 1703 495 1760 facile
521 1703 714 1779 intellegitur,
742 1705 887 1764 si'causa
913 1708 1042 1782 quadam
1069 1707 1193 1778 fortuita
1218 1706 1266 1765 vel
1294 1714 1420 1764 externa
1441 1705 1541 1764 balnei
1565 1723 1643 1764 usus

308 1806 468 1881 impeditus
490 1804 588 1877 fuerit,
611 1815 673 1863 tum
696 1807 760 1864 eius
784 1809 934 1884 temporis,
961 1828 1021 1885 quc
1044 1811 1208 1868 conductor
1229 1809 1368 1867 balneum
1390 1816 1470 1868 recte
1491 1810 1641 1884 praebere

308 1928 368 1967 non
389 1908 528 1983 potuerit,
556 1909 730 1984 pensionem
753 1929 772 1966 a
793 1911 884 1970 totius
905 1913 1061 1988 vectigalis
1090 1929 1208 1971 summa
1229 1913 1389 1970 detractam
1413 1929 1490 1970 esse.
1537 1908 1641 1970 Simili

308 2031 345 2068 ex
368 2029 461 2069 causa
482 2010 654 2068 conductori
677 2013 766 2069 etiam
789 2012 825 2072 de
852 2015 959 2090 lignis,
990 2034 1066 2091 quae
1093 2016 1124 2072 in
1151 2033 1237 2073 usum
1266 2015 1364 2072 balnei
1393 2022 1497 2090 parata
1518 2013 1564 2085 (v.
1583 2011 1640 2087 28)

309 2132 427 2190 semper
453 2115 562 2174 habere
585 2116 680 2189 debet,
709 2125 853 2192 utsupra
875 2117 1014 2188 vidimus,
1042 2117 1116 2174 nihil
1140 2117 1268 2175 vendere
1290 2117 1468 2193 permittitur
1489 2125 1640 2190 quaestus

307 2235 400 2274 causa
421 2226 538 2292 praeter
560 2219 739 2277 recisamina
760 2219 893 2290 inutilia;
916 2220 940 2277 si
960 2229 1065 2278 contra
1087 2220 1166 2290 lecit,
1189 2220 1284 2278 multa
1301 2220 1329 2277 ei
1351 2219 1458 2277 dicitur
1475 2218 1552 2276 fisco
1577 2217 1640 2274 sol-

307 2319 403 2376 venda
430 2329 482 2378 aut
508 2321 539 2379 in
568 2321 702 2398 singulas
727 2321 912 2380 venditiones
935 2321 982 2397 (ut
1003 2323 1084 2379 infra
1106 2341 1132 2380 v.
1149 2323 1184 2380 41
1211 2327 1242 2379 tn
1263 2321 1394 2398 stapulas
1413 2320 1641 2397 prohibitiones)

307 2432 358 2480 aut
390 2424 421 2482 in
455 2423 587 2500 singulas
620 2424 767 2500 lignorum
797 2425 901 2494 velres3
936 2425 966 2482 id
995 2425 1076 2500 quod
1103 2425 1342 2482 Mommsenus
1371 2432 1492 2500 propter
1520 2422 1641 2481 multae

260 2547 274 2576 τ
307 2525 537 2601 magnitudinem
560 2527 702 2602 praetulit
723 2527 886 2586 secundum
909 2527 1078 2603 exemplum
1101 2527 1164 2584 noti
1186 2527 1263 2585 tituli
1286 2526 1391 2584 urbani
1414 2523 1463 2600 (C.
1484 2526 1506 2583 1.
1528 2525 1567 2582 L.
1591 2524 1640 2582 VI

309 2627 413 2703 1585),
445 2629 476 2687 in
504 2647 562 2704 quo
590 2633 729 2704 tipaorma
755 2631 835 2688 veles
863 2632 955 2688 deceta
984 2641 1193 2688 memorantur.
1239 2627 1353 2687 Contra
1384 2630 1408 2686 si
1442 2627 1641 2686 conductoris

306 2730 409 2805 aliqua
435 2731 522 2806 culpa
544 2732 586 2806 (v.
603 2732 656 2807 30)
687 2733 784 2792 balnei
814 2751 887 2791 usus
914 2732 1082 2809 impeditur,
1110 2740 1283 2808 procurator
1310 2731 1432 2788 multam
1460 2729 1641 2788 conductori

307 2833 404 2890 dicere
426 2842 525 2909 potest
545 2835 615 2892 item
639 2855 694 2912 pro
716 2845 784 2893 rata
805 2835 947 2912 temporis
969 2843 1051 2909 puto,
1074 2853 1128 2911 per
1142 2835 1220 2910 quod
1242 2833 1404 2911 prohibitio
1424 2831 1561 2904 durabat,
1585 2853 1640 2890 ue-

305 2953 364 3010 que
387 2956 457 2994 vero
479 2954 571 3013 supra
592 2938 760 2996 sestertium
784 2938 927 2996 ducentos
949 2955 1096 2996 nummos.

154 3040 295 3092 IVSutrioi
390 3036 535 3098 Secuntur
567 3039 604 3098 de
632 3041 746 3099 sutrino
779 3041 926 3099 tonstrino
959 3040 1110 3098 fulloniois
1143 3046 1303 3116 praccepta
1326 3057 1392 3096 cunr
1426 3037 1546 3096 balineo
1580 3038 1640 3095 ali·

166 3140 189 3170 v.
199 3124 281 3172 32-37
306 3159 364 3216 quo
392 3141 595 3200 similitudinis
623 3143 741 3201 viuculo
768 3143 936 3200 coniuncta.
981 3141 1095 3203 Sutrini
1118 3143 1281 3200 conductor
1305 3141 1377 3216 quid
1406 3149 1562 3216 praestare
1585 3139 1640 3197 de·

305 3243 374 3300 beat
400 3244 429 3302 in
460 3244 628 3302 universum
656 3253 769 3303 tantum
793 3245 1015 3322 praescribitur.
1058 3243 1128 3302 Non
1156 3243 1350 3302 calciamenta
1376 3253 1490 3302 tantum
1519 3242 1565 3316 (v.
1582 3241 1638 3317 36)

305 3345 401 3403 omnis
418 3345 535 3420 generis
552 3347 605 3404 sed
620 3348 709 3406 etiarn
724 3348 890 3405 loramento
905 3367 971 3406 eum
988 3356 1141 3422 praestare
1157 3345 1294 3404 debuisse
1311 3347 1470 3422 clavosque
1485 3343 1639 3422 caligares

305 3447 370 3522 (qui
387 3465 477 3523 saepe
492 3457 693 3507 memorantur
707 3449 786 3522 alibi,
799 3451 865 3508 vide
877 3451 908 3508 M
915 3449 1122 3528 arquavdtii
1138 3449 1249 3506 enchir.
1262 3447 1318 3506 Vi
1335 3468 1364 3525 p.
1380 3448 1438 3506 195
1453 3448 1520 3506 adn.
1537 3447 1637 3522 1800)

304 3551 407 3609 fixisse
436 3559 525 3628 atque
554 3552 722 3610 venditasse
750 3571 789 3610 ex
816 3553 881 3628 lege
908 3553 1096 3612 ferrariarum
1128 3549 1170 3626 (v.
1184 3550 1248 3626 34),
1281 3549 1317 3608 de
1350 3569 1410 3626 qua
1442 3567 1534 3626 supra
1568 3549 1638 3607 dixi

304 3654 347 3731 (p.
367 3653 448 3730 172),
476 3655 605 3730 aliaque,
636 3674 714 3731 quas
736 3665 853 3713 sutores
876 3654 1052 3725 vendebant,
1074 3653 1245 3712 vendidisse
1267 3653 1371 3712 exeis
1394 3660 1527 3730 apparet,
1555 3669 1638 3727 quae

303 3757 408 3833 reliqui
436 3765 554 3834 praeter
584 3759 793 3816 conductorem
820 3757 919 3816 facere
940 3765 1087 3815 vetantur.
1132 3753 1192 3828 Qui
1213 3755 1307 3813 invito
1329 3755 1507 3814 conductore
1529 3772 1637 3812 eorum

286 3851 426 3944 aliquid,
452 3879 528 3936 quae
554 3860 598 3918 illi
626 3861 808 3936 praestanda
834 3867 1016 3935 competunt,
1043 3859 1122 3918 intra
1148 3857 1222 3916 fines
1250 3857 1439 3916 metallorum
1464 3857 1578 3926 lecerit,
1606 3857 1637 3913 ei

303 3962 385 4039 dupli
408 3963 543 4022 solvendi
563 3963 658 4022 multa
680 3965 795 4022 dicitur.
838 3962 885 4022 Ne
908 3971 1025 4020 sutores
1047 3961 1089 4036 (v.
1105 3959 1159 4036 35)
1183 3960 1301 4035 quidem
1318 3959 1558 4018 veteramentarii
1582 3960 1639 4016 ad-

303 4067 473 4138 mittuntur3
496 4067 685 4144 excipiuntur
706 4067 836 4124 fortasse
860 4067 909 4141 (ea
931 4067 1009 4124 enim
1026 4066 1116 4122 verba
1137 4064 1290 4139 perierunt
1310 4063 1340 4120 in
1362 4061 1484 4136 lacuna)
1501 4061 1553 4136 qui
1576 4079 1637 4120 sua

302 4167 527 4227 dominorumve
542 4170 737 4228 calciamenta
758 4169 925 4240 refecerint,
948 4176 980 4224 ut
1001 4168 1242 4226 Mommsenus
1263 4165 1429 4242 proposuit.
1473 4163 1536 4221 Vix
1552 4164 1637 4222 enim

302 4269 404 4328 licebit
417 4271 555 4330 lacunam
571 4272 702 4348 explere,
719 4280 750 4329 ut
768 4271 839 4329 scclt
855 4267 1106 4340 Soromeniua,
1126 4268 1163 4326 ad
1179 4287 1281 4328 eorum
1297 4265 1532 4338 similitudinem,
1554 4273 1637 4342 qu'ae

304 4370 341 4428 de
364 4373 496 4432 tabernis
519 4374 654 4432 fulloniis
671 4373 914 4450 praescribuntur
929 4371 971 4448 (v.
989 4372 1052 4448 43).
1096 4371 1215 4431 Etenim
1235 4371 1308 4428 talia
1329 4375 1354 4429 si
1376 4369 1562 4446 supplemus,
1584 4367 1640 4426 lex

308 4474 351 4532 ita
374 4485 519 4552 concepta
540 4485 595 4549 est,
624 4485 658 4535 ut
678 4476 704 4535 ei
727 4476 776 4552 qui
800 4475 918 4534 clavum
940 4475 1101 4554 caligarum
1124 4475 1180 4533 sibi
1202 4475 1269 4550 ipse
1289 4473 1389 4531 fixerit
1410 4481 1440 4531 et
1459 4471 1519 4548 ipsi
1541 4470 1644 4529 multa

303 4577 446 4636 solvenda
468 4579 516 4637 sit.

169 4689 193 4736 v
212 4688 282 4737 'ron-
386 4680 540 4740 Tonsores
576 4686 800 4758 tonstrinaeque
833 4681 953 4757 qualem
987 4683 1016 4738 in
1051 4681 1114 4738 vita
1138 4679 1345 4740 Romanorum
1378 4677 1531 4737 cotidiana
1563 4678 1635 4738 iude

192 4773 265 4821 strini
301 4779 366 4843 'lere
388 4803 407 4841 a
429 4784 557 4860 septimo
579 4783 662 4842 urbis
686 4783 806 4842 saeculo
828 4792 956 4842 exeunte
985 4784 1080 4842 locum
1103 4783 1316 4860 occupaverint
1337 4800 1375 4840 ex
1398 4780 1517 4839 Horatii
1540 4783 1637 4839 versi-

169 4871 191 4903 ι·
206 4856 288 4905 ³⁷·⁴‘³
303 4888 379 4946 curis
402 4887 570 4946 notissimis
593 4885 665 4962 (sat.
680 4887 695 4944 1
711 4887 740 4958 ι,
756 4884 789 4962 a)
812 4886 998 4962 arsamus).
1041 4885 1148 4962 Neque
1171 4887 1262 4962 igitur
1281 4886 1387 4944 mirum
1410 4894 1457 4942 est
1478 4902 1544 4942 cum
1567 4883 1634 4941 aar·

304 5059 506 5067 —————--

398 5203 421 5266 ¹)
460 5203 499 5255 Cf.
519 5219 585 5269 quae
606 5205 637 5254 de
658 5205 804 5255 tonsoribus
822 5205 1072 5270 ldarquardtius
1092 5206 1235 5271 composuit
1254 5204 1350 5256 enchir.
1365 5206 1389 5254 V
1405 5205 1420 5254 2
1442 5221 1466 5268 p.
1482 5203 1533 5254 205
1545 5219 1564 5252 s.
