3488 5828
357 536 517 589 SYLLOGE
544 536 830 589 INSCRIPTIONVM
855 536 939 589 FORI
964 535 1120 590 ROMANI.
1325 518 1397 590 255

75 729 148 768 sane
170 709 254 768 locus
277 710 329 768 ille
351 727 419 770 esse
439 711 536 768 101010
558 711 840 782 Alexandrinorum,
862 721 894 770 01
914 719 1013 788 potest
1034 727 1100 770 esse
1121 711 1216 788 ipsius
1238 710 1296 770 fori
1318 712 1399 770 locus

71 813 252 886 conspicuus
285 812 428 872 tribunali
462 813 604 872 rostrisve
637 815 674 872 ad
707 815 842 890 publicas
877 815 1027 872 orationes
1060 823 1140 892 apto.
1193 813 1319 888 deniqne
1350 813 1398 871 his

71 914 252 972 testimoniis
275 933 378 973 eorum
401 917 549 974 sententia
570 917 781 992 comprobatur
802 915 853 991 qui
876 915 973 975 Taciti
996 915 1086 974 001110
1106 917 1166 974 An.
1189 917 1218 986 4,
1242 915 1291 987 67,
1315 915 1332 974 8
1355 915 1400 973 uel

69 1016 250 1074 celeberrimo
264 1018 330 1090 sori
350 1020 469 1095 esfipiem
490 1020 551 1076 diui
571 1018 696 1094 Auqusti
725 1017 857 1092 amplecti
874 1019 1067 1094 populumque
1087 1037 1122 1076 ac
1144 1027 1271 1076 senatum
1292 1018 1399 1076 cnsilio

71 1135 176 1176 vocare
206 1119 242 1175 de
275 1119 350 1189 loco,
383 1137 442 1178 non
469 1119 507 1178 de
539 1129 672 1196 tempore
698 1119 898 1196 intellegenda
926 1138 990 1180 esse
1017 1120 1187 1179 voluerunt:
1222 1120 1337 1178 scilicet
1370 1121 1400 1178 in

72 1221 181 1278 rostris
211 1221 332 1279 stetisse
360 1230 420 1279 tum
444 1222 572 1298 Augusti
600 1230 730 1282 statuam
752 1223 810 1280 hoo
830 1223 898 1300 ipso
921 1222 1091 1280 testimonio
1114 1240 1208 1297 eoque
1231 1222 1289 1280 nisi
1310 1222 1401 1280 fallor

72 1321 141 1378 solo
162 1322 328 1380 edocemur.
372 1341 407 1381 ac
422 1323 649 1399 municipiorum
665 1325 783 1400 quidem
806 1325 1049 1400 coloniarumque
1071 1325 1102 1381 in
1123 1324 1304 1382 exornandis
1326 1324 1399 1382 10110

71 1441 110 1480 00
138 1423 192 1481 1011
220 1425 381 1486 aemulatio
409 1425 502 1498 urbis,
530 1426 581 1484 vix
604 1435 636 1484 ut
663 1426 755 1484 ullum
777 1445 877 1484 eorum
900 1419 1007 1484 rostris
1029 1427 1266 1485 tribunalibusvc
1289 1426 1326 1484 ad
1348 1447 1400 1484 ex-

74 1525 190 1601 emplar
219 1534 383 1586 rostrorum
409 1526 468 1586 1011
501 1527 616 1586 romani
648 1528 735 1585 iactis
768 1533 902 1586 caruisse
934 1529 1079 1586 videatur.
1123 1528 1276 1588 sciendum
1309 1528 1398 1598 enim,

71 1626 171 1701 quode
198 1627 269 1686 olim
292 1629 391 1686 monui
414 1628 653 1703 (labresberioht
678 1628 756 1689 1875
779 1649 807 1706 p.
825 1629 936 1705 7510.)
963 1640 1128 1690 rostrorum
1151 1637 1180 1690 et
1207 1630 1398 1688 tribunalium

70 1729 196 1787 nomina
216 1729 331 1788 Romae
353 1740 449 1789 aetate
471 1731 683 1808 imperatorum
711 1731 743 1789 in
765 1733 933 1807 promiscuo
955 1732 1059 1790 baberi
1082 1733 1172 1791 001110
1193 1751 1270 1802 0000,
1302 1732 1345 1790 ita
1368 1741 1400 1790 ut

70 1843 173 1888 rostra
194 1831 408 1906 significaverit
430 1833 607 1892 Ammianus
633 1833 680 1901 16,
705 1825 752 1903 10,
777 1835 813 1892 13
837 1853 903 1892 oum
925 1833 1036 1892 dixerit
1056 1834 1205 1894 cdloeume
1226 1833 1400 1893 nobilitatem

71 1936 104 1990 in
131 1936 212 1991 curia
229 1933 424 2010 populumque
446 1935 484 2011 [e]
508 1935 653 1994 tribunali.
696 1934 774 1994 addo
803 1935 985 1994 luculentum
1010 1935 1173 1994 Frontonis
1200 1935 1400 1994 testimonium

73 2034 111 2090 dc
139 2034 216 2110 eloq.
239 2053 268 2110 p.
287 2036 344 2095 145
373 2037 543 2096 immortales
570 2041 670 2096 acirim
695 2039 834 2096 comitium
862 2047 889 2094 et
918 2047 1014 2096 rostra
1043 2047 1070 2095 et
1097 2037 1256 2096 tribunalia
1283 2037 1401 2098 Catonis

73 2146 100 2194 et
130 2135 253 2222 Cracchi
279 2147 305 2196 et
333 2138 478 2197 Ciceronis
506 2140 681 2198 orationibus
709 2139 850 2198 celebrata
876 2140 926 2197 100
954 2142 1133 2215 potissimum
1165 2139 1279 2199 soeculo
1314 2143 1401 2198 conti-

74 2256 191 2310 cessere,
226 2239 281 2297 boc
313 2249 359 2299 est
392 2249 492 2300 rostra
519 2249 588 2300 ante
614 2241 726 2300 curiam
759 2245 789 2298 in
823 2240 943 2298 comitio
972 2242 1070 2299 sitam.
1114 2242 1173 2300 iam
1202 2241 1402 2320 intellegetur,

74 2339 192 2416 opinor,
216 2340 287 2417 quid
316 2343 373 2402 sibi
401 2343 493 2400 velint
514 2344 690 2402 tribunalet
711 2353 807 2402 rostro
828 2343 905 2401 tituli
928 2342 1141 2402 Rusicadsnsis
1162 2344 1294 2403 Renierii
1318 2342 1398 2402 2169

73 2453 105 2498 01
127 2443 254 2501 tribunal
279 2444 433 2504 titulorum
457 2445 638 2505 Veronensis
665 2443 749 2520 (CIL
765 2446 793 2516 5,
812 2446 839 2516 l,
855 2445 936 2504 4960
958 2445 995 2503 01.
1017 2445 1123 2522 supra)
1145 2453 1175 2503 et
1196 2445 1399 2504 Beneventani

74 2543 167 2616 (IRN
191 2544 299 2620 1502),
332 2547 441 2622 nequid
468 2547 564 2606 dicam
591 2548 628 2607 de
656 2547 757 2605 100010
785 2547 904 2624 publico
928 2543 1049 2622 Capuae
1070 2549 1139 2620 soro
1167 2546 1260 2618 elato,
1289 2547 1402 2606 00111001

75 2646 126 2704 nbi
147 2645 280 2706 laudatio
303 2648 422 2722 publica
450 2649 588 2710 sollemni
616 2650 790 2724 urbanoqus
811 2665 893 2706 more
914 2647 1017 2706 habita
1043 2657 1124 2706 esset
1151 2647 1243 2722 (Plin.
1266 2668 1296 2706 n.
1319 2649 1346 2705 11.
1372 2649 1400 2718 7,

77 2747 135 2805 176
158 2749 235 2808 0001.
259 2749 357 2808 Plaut.
380 2751 470 2810 Most.
494 2751 579 2826 999).
627 2751 658 2810 in
683 2751 935 2826 Pompeianorum
968 2749 1058 2825 igitur
1090 2749 1156 2807 loro
1183 2761 1282 2808 rostra
1309 2751 1402 2808 tribu·

76 2850 195 2909 nolisve
218 2861 318 2910 extare
345 2871 393 2910 res
415 2853 656 2924 00100111001010,
679 2853 751 2910 11001
771 2851 1021 2926 Pompeianarum
1045 2851 1254 2927 antiquitatum
1277 2851 1346 2910 libri
1369 2870 1405 2909 ea

74 2951 113 3010 de
143 2972 176 3012 re
204 2962 330 3012 taceant.
373 2974 429 3032 ego
455 2975 521 3014 cum
548 2953 671 3014 01867
694 2953 835 3029 Pompeis
862 2972 1063 3012 commorarer
1092 2953 1213 3012 videbar
1239 2954 1311 3012 mibi
1339 2955 1402 3011 ani·

73 3055 262 3115 madvertere
282 3056 370 3116 basin
397 3057 479 3116 illam
500 3075 589 3132 quam
610 3057 712 3116 dicunt
733 3074 869 3134 magnam
891 3056 922 3114 in
950 3056 1043 3115 latere
1066 3055 1243 3114 occidentali
1273 3057 1401 3130 positam

74 3174 144 3214 esse
165 3167 330 3218 rostrorum
353 3160 612 3228 substructionem,
642 3178 702 3217 000
725 3177 792 3218 0000
813 3158 901 3218 basin
924 3166 1049 3228 statuae,
1077 3175 1203 3232 eamque
1225 3177 1287 3218 rem
1310 3159 1402 3234 signi·

73 3259 163 3318 ficari
184 3259 315 3320 Ricardo
338 3258 485 3320 Schoenio
517 3271 587 3319 tunc
615 3261 646 3318 in
674 3261 802 3337 publicis
830 3259 931 3337 oppidi
959 3259 1047 3318 huius
1078 3261 1278 3320 monumentis
1307 3259 1402 3337 expli·

73 3361 178 3420 candia
211 3364 350 3422 versanti.
395 3383 473 3422 nunc
506 3364 593 3422 video
622 3362 798 3422 Fiorellium
830 3379 950 3438 quoque
984 3381 1037 3421 000
1068 3362 1131 3422 1010
1153 3363 1340 3437 quaesivisse
1366 3363 1402 3421 de

72 3464 184 3522 rostris
205 3463 396 3542 Pompeianis
424 3465 563 3541 (deseris.
594 3466 624 3524 di
645 3465 770 3541 Pompei
793 3463 923 3540 0251).
967 3464 1020 3523 sed
1042 3465 1123 3540 qnod
1144 3465 1185 3523 ibi
1208 3464 1284 3523 dixit
1304 3465 1402 3524 101001

74 3566 227 3626 000110οτ0
252 3561 321 3626 ‘due
343 3569 499 3627 tribunalia
520 3587 576 3628 con
598 3568 654 3628 duo
676 3568 783 3642 minori
809 3567 941 3644 suggesti
963 3567 1017 3626 0110
1039 3575 1186 3643 poterano
1208 3577 1291 3625 tener
1311 3567 1402 3642 luogo

72 3667 106 3726 di
131 3663 237 3727 rosna‘
266 3689 303 3728 ea
329 3689 435 3746 parum
463 3670 613 3746 intellego.
657 3671 709 3728 sed
736 3671 812 3728 hanc
840 3689 902 3728 rem
925 3669 991 3728 aliis
1014 3667 1233 3726 diiudicandum
1255 3667 1400 3743 relinquo.

73 3769 114 3828 ad
136 3769 233 3829 forum
255 3790 412 3830 romanum
433 3771 532 3831 redeo.

160 3872 258 3949 Prope
286 3881 385 3931 rostra
411 3873 501 3949 igitur
527 3883 633 3934 extent
659 3883 720 3932 tres
747 3873 835 3932 bases
862 3872 1028 3942 1010110100,
1059 3880 1213 3947 praeterea
1240 3871 1400 3928 secundum

75 3973 157 4031 viam
182 3992 298 4033 0001001
319 3993 408 4050 quam
432 3974 533 4033 dieunt
553 3985 620 4033 octo
648 3975 773 4034 011111010
800 3975 888 4049 plane
921 3973 1039 4050 gemino
1072 3973 1177 4044 sactae,
1211 3973 1337 4048 denique
1371 3973 1401 4030 in

74 4075 223 4134 01001011
246 4077 406 4152 eregione
433 4077 536 4153 templi
560 4075 700 4136 Caesaris
728 4095 800 4134 una:
835 4084 959 4151 apparet
987 4083 1084 4132 autem
1102 4075 1185 4132 —id
1213 4077 1293 4150 quod
1322 4075 1401 4132 infra

75 4178 179 4252 quanti
202 4179 242 4236 sit
263 4179 404 4236 momenti
427 4189 623 4255 cognoscetur
638 4212 676 4221 —
693 4178 785 4236 hanc
807 4177 922 4236 solam
949 4176 1083 4234 extitisse
1111 4177 1142 4234 in
1169 4195 1239 4234 area
1267 4187 1401 4251 tempore

77 4279 206 4338 labentis
238 4280 365 4355 imperii.
408 4281 558 4356 quaesivit
586 4280 744 4340 Bunsenus
776 4281 807 4338 in
841 4279 916 4337 actis
942 4278 1074 4336 Instituti
1107 4278 1203 4336 nostri
1235 4279 1401 4336 minoribus

77 4399 104 4438 a.
129 4381 206 4440 1836
229 4401 299 4440 num
322 4381 358 4440 de
380 4384 474 4443 tribus
497 4384 559 4442 illis
580 4383 713 4453 basibus,
742 4399 816 4458 quas
838 4382 935 4459 primo
958 4381 1025 4440 loco
1047 4381 1208 4452 nominavi,
1231 4401 1290 4439 una
1311 4381 1401 4439 luerit

77 4482 157 4540 basis
182 4484 359 4543 Constantini
386 4485 428 4560 (n.
449 4485 519 4560 133)
547 4485 644 4544 octavi
672 4483 783 4542 saeculi
811 4483 895 4541 initio
921 4483 989 4541 visa
1016 4483 1053 4540 ab
1075 4484 1234 4558 Anonymo
1263 4483 1401 4541 Einsied-

74 4584 166 4654 lensi;
193 4593 223 4644 et
247 4587 311 4644 iure
338 4587 486 4663 quaesivit
507 4587 553 4645 vir
580 4585 803 4646 sollertissimus
832 4585 966 4661 miroque
989 4585 1080 4642 001011
1102 4584 1219 4643 fervore
1242 4585 1288 4644 his
1311 4585 1400 4642 rebus

76 4687 294 4763 investigandis
316 4689 440 4749 deditus.
485 4687 537 4746 sed
566 4706 664 4746 errore
691 4687 815 4764 proclivi
837 4705 983 4764 quemque
1004 4695 1076 4744 tuno
1096 4686 1228 4745 devitare
1250 4706 1311 4745 non
1332 4687 1401 4744 lice-

74 4789 128 4847 bat
154 4789 285 4848 nondum
314 4791 444 4868 perlecta
469 4789 676 4849 eruderatione
703 4790 799 4848 tribus
826 4789 887 4848 illis
915 4797 1051 4866 quartam
1079 4789 1193 4848 addidit
1220 4807 1297 4866 quae
1319 4788 1402 4846 nulla

75 4899 137 4960 est3
161 4901 208 4951 001
222 4893 301 4952 enim
316 4894 444 4972 angulus
466 4894 561 4969 ipsius
584 4892 813 4952 substructionis
834 4900 999 4950 rostrorum
1015 4909 1050 4950 eo
1073 4899 1205 4968 tempore
1227 4890 1400 4966 semisepul-

74 5001 134 5052 tas.
178 4995 248 5054 huic
281 4995 373 5073 igitar
404 4995 554 5054 tribuebat
583 5013 683 5070 equum
712 4995 888 5054 Constantini
922 4994 1024 5070 (quem
1057 5003 1126 5052 tunc
1153 4991 1288 5052 homines
1320 4991 1401 5048 docti

73 5095 172 5154 Marci
193 5097 310 5156 Aurelii
332 5105 498 5173 equestrem
518 5073 650 5158 0010001
673 5114 739 5156 esse
761 5097 929 5174 putabant),
951 5105 1066 5154 ceteras
1089 5103 1190 5172 utpote
1211 5113 1317 5170 parum
1341 5112 1403 5152 001-

72 5195 141 5274 plas
157 5199 316 5275 operisque
331 5200 456 5276 pessimi
479 5199 532 5259 tali
555 5209 672 5259 0101000
690 5217 796 5276 parum
818 5197 976 5256 convenire
998 5205 1090 5256 ratus.
1127 5215 1187 5256 non
1208 5212 1342 5272 repugno
1365 5195 1402 5252 de

1146 5399 1205 5459 18⁰
