3516 5828
621 477 938 528 nnrruumcuavu.
1371 455 1441 525 125

114 649 175 710 84.
198 650 243 710 85
267 651 339 727 (ina.
364 661 432 728 post
454 671 482 711 n.
500 649 584 727 294).
632 653 714 709 Arae
733 650 809 709 duae
830 651 860 708 in
877 651 1047 727 Broupltam
1066 657 1211 726 repertae,
1235 658 1392 708 servantur
1413 648 1444 705 in

156 755 327 830 Brouplram
341 754 430 826 Ham
454 773 507 813 ara
528 754 610 830 prior
632 753 695 812 alta
716 763 763 812 est
784 773 812 830 p.
830 751 858 827 9,
881 753 942 811 lata
964 773 992 830 p.
1012 756 1025 811 l
1052 753 1111 830 dig.
1129 752 1157 824 9,
1180 753 1275 810 altera
1296 751 1358 810 alta
1379 771 1407 828 p.
1427 751 1441 808 1

157 857 217 932 dig.
234 855 284 934 84,
306 857 368 915 lata
390 857 449 934 dig.
475 857 522 916 ll.
565 854 699 915 Litterae
721 856 875 933 utriusque
901 876 971 916 arae
994 856 1132 918 rideatur
1153 873 1221 916 esee
1248 853 1359 916 saeculi
1382 853 1444 912 fera

157 958 280 1018 alterius
302 961 441 1020 exeuntis
461 958 578 1018 tertiive
599 959 739 1018 ineuntis.

269 1117 288 1154 a
373 1113 435 1158 nro
452 1113 630 1156 eeunrvcan
1034 1100 1051 1158 b
1127 1114 1211 1158 nno

372 1214 414 1258 ro
443 1213 564 1258 naevio
592 1215 627 1256 rr
1096 1215 1240 1259 anunrv

372 1318 394 1362 0
417 1317 450 1359 sn
473 1317 508 1358 rr
528 1317 631 1360 svrsv
1096 1319 1240 1362 cinno-n

374 1419 430 1462 us
1095 1419 1240 1464 nuno

1063 1524 1240 1568 usrvrrvs

1099 1626 1242 1670 rrae-se

1099 1729 1241 1773 axcvnr

1100 1831 1240 1874 vuvrs

1100 1934 1241 1977 rravs

1050 2037 1234 2079 rou-ru

1100 2139 1207 2182 rvru

159 2247 276 2306 Bruoe
297 2245 389 2324 lapid.
412 2266 442 2323 p.
458 2244 518 2304 412
542 2263 570 2303 n.
588 2245 658 2305 806.
681 2247 751 2305 807.

113 2370 137 2409 a
165 2350 228 2408 Deo
250 2347 448 2408 Balatuoadro
470 2346 585 2408 Baculo
604 2367 659 2424 pro
682 2365 712 2408 aa
734 2357 759 2408 tt
780 2351 841 2407 auia
863 2347 985 2424 o(otum)
1009 2347 1126 2424 Κώεω)
1148 2345 1262 2424 a(oluit)

113 2453 132 2510 b
159 2453 224 2510 Deo
240 2451 435 2510 Balottcadro
457 2470 476 2508 a
497 2449 597 2508 maro?
620 2449 761 2526 Statuit)
780 2449 999 2527 V[e]tuetin[ua]
1022 2449 1210 2526 a(inpularie)
1232 2449 1446 2527 o(onaularia)i

165 2572 198 2612 aa
220 2552 334 2630 tunam)
358 2593 646 2612 ..........
670 2571 731 2610 rum

114 2678 136 2716 a
162 2656 301 2715 lectionis
329 2663 425 2714 cartae
452 2665 512 2726 eet;
540 2656 570 2714 in
598 2655 614 2712 b
643 2653 802 2713 dolendum
831 2654 911 2730 quod
938 2672 986 2711 vv.
1003 2653 1125 2725 8-11,
1152 2654 1202 2731 qui
1230 2655 1317 2713 cunei
1339 2673 1448 2714 nomen

116 2757 320 2828 continebunt,
343 2757 433 2833 plane
454 2757 570 2816 confusi
593 2766 671 2816 aunt.
714 2755 823 2816 Latent
843 2757 972 2815 fortasse
994 2755 1112 2832 equites
1135 2753 1348 2816 Stratonioiani
1370 2757 1447 2815 tituli

116 2861 199 2918 infra
220 2880 249 2918 n.
266 2860 315 2919 86.
359 2859 458 2918 Etiam
481 2878 621 2919 versuum
637 2859 666 2917 5.
684 2859 701 2918 6
725 2859 880 2918 lectionem
900 2859 949 2917 rel
969 2859 1254 2936 interpretationem,
1276 2878 1447 2936 quanquam

115 2964 147 3020 in
164 2963 265 3020 Bruoii
281 2961 412 3039 imagine
428 2961 549 3020 omnino
563 2961 712 3039 perspicui
736 2969 814 3032 aunt,
836 2961 978 3019 incertam
995 2978 1061 3020 esse
1077 2961 1128 3018 vix
1143 2967 1191 3019 eat
1205 2961 1284 3037 quod
1298 2979 1444 3020 moneam.

116 3063 240 3124 Cuneus
256 3062 429 3122 Prisianum
441 3064 689 3122 Aballavensium
705 3071 886 3122 memoratur
901 3063 930 3121 in
946 3063 1034 3120 titulo
1049 3081 1076 3120 n.
1091 3064 1151 3120 415
1167 3062 1208 3138 (v.
1223 3062 1303 3121 infra
1316 3083 1346 3142 p.
1361 3063 1445 3138 130).

117 3273 169 3333 Au
191 3292 220 3332 n.
237 3272 317 3333 tao.
362 3271 420 3332 Vr.
439 3271 499 3332 1.9
524 3273 581 3332 soli
607 3273 784 3332 exhibentur
811 3275 842 3332 in
864 3271 1076 3350 Hodgaonia
1102 3274 1225 3334 tenatiae
1252 3275 1287 3348 os
1306 3271 1448 3349 Enpland

160 3377 221 3434 aad
237 3375 333 3434 Walea
356 3375 413 3434 vol.
432 3375 469 3434 15
493 3394 563 3454 pars
588 3374 605 3433 2
629 3396 658 3453 p.
675 3375 715 3435 90
738 3375 822 3452 (inde
843 3375 940 3434 Brute
963 3375 1054 3452 lapid.
1077 3397 1106 3453 p.
1123 3375 1182 3434 385
1206 3395 1235 3434 n.
1253 3375 1337 3452 745).

116 3605 166 3666 86
189 3606 261 3682 (ius.
284 3615 356 3683 post
376 3627 404 3665 n.
421 3604 507 3683 298).
551 3606 650 3685 Prope
673 3607 842 3684 Broupiam
868 3607 957 3668 cattle
978 3628 1003 3666 a.
1031 3607 1109 3666 1874
1132 3627 1195 3684 rep.
1218 3616 1264 3666 eat
1290 3605 1376 3665 arula
1401 3606 1446 3664 la·

158 3708 249 3786 pidea
275 3709 337 3768 alta
364 3729 394 3786 p.
410 3707 443 3780 9,
471 3709 533 3768 lata
557 3711 571 3767 1
601 3710 709 3768 litteris
737 3710 852 3790 saeculi
878 3709 1003 3770 alteriue
1030 3727 1118 3786 quam
1149 3709 1278 3768 maxime
1300 3707 1444 3768 evanidis.

161 3809 305 3872 Servatur
327 3812 356 3870 in
379 3811 547 3888 Brouptam
568 3811 652 3872 Hali.

645 3993 727 4035 nno
760 3993 934 4036 manure

644 4081 935 4139 vrttvrtlo

641 4197 693 4238 un
726 4197 934 4240 rauvanrvs

645 4298 951 4356 extusum-Q

588 4405 599 4440 a
643 4393 937 4446 stauronrctauo

646 4504 778 4546 noua
815 4490 937 4548 vitiu

645 4605 705 4650 ruo
729 4605 761 4648 sa
786 4606 821 4648 nr
844 4605 934 4650 sovrs
1037 4608 1070 4648 su

160 4752 279 4811 Bruoe
300 4751 390 4830 lapid.
414 4751 543 4831 append.
567 4772 595 4830 p.
614 4751 670 4810 471
696 4773 724 4812 n.
741 4753 811 4811 941.

162 4854 333 4914 Lectionem
361 4854 472 4913 sruatra
497 4863 713 4932 temptaverant
733 4855 814 4914 Lord
836 4855 1025 4934 Brougham,
1052 4855 1191 4928 wattun,
1220 4854 1255 4916 Ο.
1278 4855 1315 4916 lt.
1339 4855 1446 4929 Smith‚

120 4956 231 5029 Bruce;
260 4975 350 5034 quam
376 4975 469 5034 aupra
494 4957 561 5016 dedi
583 4956 711 5018 Bruoius
739 4958 898 5037 proposuit
920 4977 938 5016 a
959 4978 1006 5017 ma
1033 4958 1193 5018 indicatam
1217 4959 1378 5018 secundum
1400 4979 1446 5017 eo-

120 5069 194 5135 typa
215 5067 244 5118 et
264 5059 411 5136 imagines
432 5059 668 5137 photographas.
712 5057 773 5121 Sed
801 5061 877 5122 scito
903 5081 969 5120 eam
990 5061 1111 5121 minime
1133 5067 1243 5122 eertum
1266 5077 1343 5120 esee.
1387 5059 1446 5124 Go-

119 5160 213 5238 gitavi
235 5160 271 5220 de
292 5160 535 5239 interpretatione
558 5161 610 5220 tali
632 5161 708 5221 fere:
