<?xml version="1.0" encoding="UTF-8"?>
<!DOCTYPE html PUBLIC "-//W3C//DTD XHTML 1.0 Transitional//EN"
    "http://www.w3.org/TR/xhtml1/DTD/xhtml1-transitional.dtd">
<html xmlns="http://www.w3.org/1999/xhtml" xml:lang="en" lang="en">
 <head>
  <title>
</title>
<meta http-equiv="Content-Type" content="text/html;charset=utf-8" />
  <meta name='ocr-system' content='tesseract 3.04.00' />
  <meta name='ocr-capabilities' content='ocr_page ocr_carea ocr_par ocr_line ocrx_word'/>
</head>
<body>
  <div class='ocr_page' id='page_1' title='image "./ephemerisepigra02henzgoog_0118.png"; bbox 0 0 3516 5828; ppageno 0'>
   <div class='ocr_carea' id='block_1_1' title="bbox 568 508 1453 578">
    <p class='ocr_par' dir='ltr' id='par_1_1' title="bbox 568 508 1453 578">
     <span class='ocr_line' id='line_1_1' title="bbox 568 508 1453 578; baseline 0.001 -2"><span class='ocrx_word' id='word_1_1' title='bbox 568 527 643 576; x_wconf 80' lang='lat' dir='ltr'><strong>unx</strong></span> <span class='ocrx_word' id='word_1_2' title='bbox 671 527 751 578; x_wconf 84' lang='lat' dir='ltr'><strong>con.</strong></span> <span class='ocrx_word' id='word_1_3' title='bbox 781 525 1008 577; x_wconf 79' lang='lat' dir='ltr'><strong>sunumvsn.</strong></span> <span class='ocrx_word' id='word_1_4' title='bbox 1407 508 1453 578; x_wconf 81' lang='lat'><strong>99</strong></span> 
     </span>
    </p>
   </div>
   <div class='ocr_carea' id='block_1_2' title="bbox 123 697 1605 981">
    <p class='ocr_par' dir='ltr' id='par_1_2' title="bbox 123 697 1605 981">
     <span class='ocr_line' id='line_1_2' title="bbox 208 697 1605 776; baseline 0.004 -21"><span class='ocrx_word' id='word_1_5' title='bbox 208 697 275 756; x_wconf 91' lang='lat' dir='ltr'><strong>Duo</strong></span> <span class='ocrx_word' id='word_1_6' title='bbox 304 697 369 757; x_wconf 89' lang='lat' dir='ltr'><strong>sola</strong></span> <span class='ocrx_word' id='word_1_7' title='bbox 400 700 588 758; x_wconf 89' lang='lat' dir='ltr'><strong>sacerdotum</strong></span> <span class='ocrx_word' id='word_1_8' title='bbox 615 699 745 776; x_wconf 86' lang='lat' dir='ltr'><strong>collegia</strong></span> <span class='ocrx_word' id='word_1_9' title='bbox 770 700 905 757; x_wconf 90' lang='lat' dir='ltr'><strong>coloniae</strong></span> <span class='ocrx_word' id='word_1_10' title='bbox 935 698 1005 756; x_wconf 86' lang='lat' dir='ltr'><strong>data</strong></span> <span class='ocrx_word' id='word_1_11' title='bbox 1032 715 1100 758; x_wconf 87' lang='lat' dir='ltr'><strong>esse</strong></span> <span class='ocrx_word' id='word_1_12' title='bbox 1128 703 1160 756; x_wconf 88' lang='lat' dir='ltr'><strong>ut</strong></span> <span class='ocrx_word' id='word_1_13' title='bbox 1188 706 1276 756; x_wconf 90' lang='lat' dir='ltr'><strong>antea</strong></span> <span class='ocrx_word' id='word_1_14' title='bbox 1303 700 1361 757; x_wconf 89' lang='lat' dir='ltr'><strong>iam</strong></span> <span class='ocrx_word' id='word_1_15' title='bbox 1388 711 1605 775; x_wconf 79' lang='lat' dir='ltr'><strong>per-Pontifices,</strong></span> 
     </span>
     <span class='ocr_line' id='line_1_3' title="bbox 126 798 1583 878; baseline 0.002 -23"><span class='ocrx_word' id='word_1_16' title='bbox 126 815 328 874; x_wconf 83' lang='lat' dir='ltr'><strong>spexeramus,</strong></span> <span class='ocrx_word' id='word_1_17' title='bbox 351 801 393 858; x_wconf 85' lang='lat' dir='ltr'><strong>ita</strong></span> <span class='ocrx_word' id='word_1_18' title='bbox 415 819 493 859; x_wconf 91' lang='lat' dir='ltr'><strong>nunc</strong></span> <span class='ocrx_word' id='word_1_19' title='bbox 515 802 625 860; x_wconf 83' lang='lat' dir='ltr'>diserte</span> <span class='ocrx_word' id='word_1_20' title='bbox 648 803 841 860; x_wconf 88' lang='lat' dir='ltr'><strong>confirmatur</strong></span> <span class='ocrx_word' id='word_1_21' title='bbox 863 801 939 878; x_wconf 89' lang='lat' dir='ltr'><strong>legis</strong></span> <span class='ocrx_word' id='word_1_22' title='bbox 962 820 987 858; x_wconf 93' lang='lat' dir='ltr'><strong>c.</strong></span> <span class='ocrx_word' id='word_1_23' title='bbox 1005 799 1054 858; x_wconf 90' lang='grc'><strong>66.</strong></span> <span class='ocrx_word' id='word_1_24' title='bbox 1092 798 1174 873; x_wconf 83' lang='lat' dir='ltr'><strong>Quot</strong></span> <span class='ocrx_word' id='word_1_25' title='bbox 1195 800 1255 858; x_wconf 93' lang='lat' dir='ltr'><strong>loci</strong></span> <span class='ocrx_word' id='word_1_26' title='bbox 1277 799 1307 858; x_wconf 92' lang='lat' dir='ltr'><strong>in</strong></span> <span class='ocrx_word' id='word_1_27' title='bbox 1327 813 1453 878; x_wconf 82' lang='lat' dir='ltr'><strong>utroque</strong></span> <span class='ocrx_word' id='word_1_28' title='bbox 1473 809 1583 858; x_wconf 66' lang='lat' dir='ltr'><strong>⁸¹¹s¹¹f⁹⁵¹</strong></span> 
     </span>
     <span class='ocr_line' id='line_1_4' title="bbox 123 887 1455 981; baseline 0.002 -23"><span class='ocrx_word' id='word_1_29' title='bbox 123 901 250 978; x_wconf 88' lang='lat' dir='ltr'><strong>collegio</strong></span> <span class='ocrx_word' id='word_1_30' title='bbox 266 887 436 961; x_wconf 88' lang='lat' dir='ltr'><strong>secundum</strong></span> <span class='ocrx_word' id='word_1_31' title='bbox 462 903 704 980; x_wconf 75' lang='lat' dir='ltr'><strong>antiquissimam</strong></span> <span class='ocrx_word' id='word_1_32' title='bbox 721 903 899 981; x_wconf 90' lang='lat' dir='ltr'><strong>populorum</strong></span> <span class='ocrx_word' id='word_1_33' title='bbox 915 903 1091 961; x_wconf 91' lang='lat' dir='ltr'><strong>Latinorum</strong></span> <span class='ocrx_word' id='word_1_34' title='bbox 1108 901 1322 960; x_wconf 80' lang='lat' dir='ltr'><strong>ordinationem</strong></span> <span class='ocrx_word' id='word_1_35' title='bbox 1338 903 1455 974; x_wconf 84' lang='lat' dir='ltr'><strong>fuerint,</strong></span> 
     </span>
    </p>
   </div>
   <div class='ocr_carea' id='block_1_3' title="bbox 55 1003 1588 4666">
    <p class='ocr_par' dir='ltr' id='par_1_3' title="bbox 84 1003 1455 3030">
     <span class='ocr_line' id='line_1_5' title="bbox 119 1003 1455 1082; baseline 0.001 -23"><span class='ocrx_word' id='word_1_36' title='bbox 119 1003 218 1062; x_wconf 90' lang='lat' dir='ltr'><strong>adhuc</strong></span> <span class='ocrx_word' id='word_1_37' title='bbox 232 1023 338 1080; x_wconf 89' lang='lat' dir='ltr'><strong>parum</strong></span> <span class='ocrx_word' id='word_1_38' title='bbox 355 1006 527 1076; x_wconf 88' lang='lat' dir='ltr'><strong>constabat;</strong></span> <span class='ocrx_word' id='word_1_39' title='bbox 550 1006 608 1064; x_wconf 91' lang='lat' dir='ltr'><strong>iam</strong></span> <span class='ocrx_word' id='word_1_40' title='bbox 625 1026 696 1065; x_wconf 88' lang='lat' dir='ltr'><strong>vero</strong></span> <span class='ocrx_word' id='word_1_41' title='bbox 712 1026 749 1064; x_wconf 85' lang='lat' dir='ltr'><strong>ex</strong></span> <span class='ocrx_word' id='word_1_42' title='bbox 766 1007 821 1064; x_wconf 89' lang='lat' dir='ltr'><strong>hac</strong></span> <span class='ocrx_word' id='word_1_43' title='bbox 836 1006 902 1082; x_wconf 86' lang='lat' dir='ltr'><strong>lege</strong></span> <span class='ocrx_word' id='word_1_44' title='bbox 924 1025 949 1063; x_wconf 94' lang='lat' dir='ltr'><strong>c.</strong></span> <span class='ocrx_word' id='word_1_45' title='bbox 966 1005 1004 1065; x_wconf 87' lang='grc'><strong>61</strong></span> <span class='ocrx_word' id='word_1_46' title='bbox 1019 1030 1055 1056; x_wconf 87' lang='lat'>=</span> <span class='ocrx_word' id='word_1_47' title='bbox 1073 1006 1121 1076; x_wconf 93' lang='lat'><strong>11,</strong></span> <span class='ocrx_word' id='word_1_48' title='bbox 1140 1003 1176 1062; x_wconf 89' lang='lat'><strong>16</strong></span> <span class='ocrx_word' id='word_1_49' title='bbox 1193 1023 1255 1080; x_wconf 90' lang='lat' dir='ltr'><strong>seq.</strong></span> <span class='ocrx_word' id='word_1_50' title='bbox 1271 1005 1455 1081; x_wconf 88' lang='lat' dir='ltr'><strong>intellegitur</strong></span> 
     </span>
     <span class='ocr_line' id='line_1_6' title="bbox 116 1107 1454 1187; baseline 0.001 -25"><span class='ocrx_word' id='word_1_51' title='bbox 116 1114 222 1166; x_wconf 87' lang='lat' dir='ltr'><strong>ternos</strong></span> <span class='ocrx_word' id='word_1_52' title='bbox 245 1107 276 1165; x_wconf 92' lang='lat' dir='ltr'><strong>in</strong></span> <span class='ocrx_word' id='word_1_53' title='bbox 299 1115 425 1184; x_wconf 86' lang='lat' dir='ltr'><strong>utroque</strong></span> <span class='ocrx_word' id='word_1_54' title='bbox 448 1108 576 1187; x_wconf 88' lang='lat' dir='ltr'><strong>collegia</strong></span> <span class='ocrx_word' id='word_1_55' title='bbox 598 1109 769 1167; x_wconf 82' lang='lat' dir='ltr'>sacerdotes</span> <span class='ocrx_word' id='word_1_56' title='bbox 792 1109 894 1180; x_wconf 84' lang='lat' dir='ltr'><strong>luisse,</strong></span> <span class='ocrx_word' id='word_1_57' title='bbox 916 1108 1006 1184; x_wconf 89' lang='lat' dir='ltr'><strong>idque</strong></span> <span class='ocrx_word' id='word_1_58' title='bbox 1027 1108 1116 1166; x_wconf 85' lang='lat' dir='ltr'><strong>etiam</strong></span> <span class='ocrx_word' id='word_1_59' title='bbox 1139 1126 1205 1164; x_wconf 92' lang='lat' dir='ltr'><strong>cum</strong></span> <span class='ocrx_word' id='word_1_60' title='bbox 1226 1107 1370 1165; x_wconf 90' lang='lat' dir='ltr'><strong>institutis</strong></span> <span class='ocrx_word' id='word_1_61' title='bbox 1392 1107 1454 1166; x_wconf 91' lang='lat' dir='ltr'><strong>Ro·</strong></span> 
     </span>
     <span class='ocr_line' id='line_1_7' title="bbox 114 1209 1454 1286; baseline 0.001 -22"><span class='ocrx_word' id='word_1_62' title='bbox 114 1210 217 1266; x_wconf 88' lang='lat' dir='ltr'><strong>manis</strong></span> <span class='ocrx_word' id='word_1_63' title='bbox 240 1219 321 1267; x_wconf 87' lang='lat' dir='ltr'><strong>recte</strong></span> <span class='ocrx_word' id='word_1_64' title='bbox 343 1211 526 1269; x_wconf 90' lang='lat' dir='ltr'><strong>conciliatur.</strong></span> <span class='ocrx_word' id='word_1_65' title='bbox 570 1209 647 1270; x_wconf 87' lang='lat' dir='ltr'><strong>Nam</strong></span> <span class='ocrx_word' id='word_1_66' title='bbox 671 1211 709 1268; x_wconf 92' lang='lat' dir='ltr'><strong>ad</strong></span> <span class='ocrx_word' id='word_1_67' title='bbox 731 1212 888 1286; x_wconf 88' lang='lat' dir='ltr'><strong>pontifices</strong></span> <span class='ocrx_word' id='word_1_68' title='bbox 906 1209 987 1286; x_wconf 93' lang='lat' dir='ltr'><strong>quod</strong></span> <span class='ocrx_word' id='word_1_69' title='bbox 1009 1210 1124 1282; x_wconf 85' lang='lat' dir='ltr'><strong>attinet,</strong></span> <span class='ocrx_word' id='word_1_70' title='bbox 1148 1227 1238 1268; x_wconf 89' lang='lat' dir='ltr'><strong>senos</strong></span> <span class='ocrx_word' id='word_1_71' title='bbox 1260 1209 1378 1285; x_wconf 90' lang='lat' dir='ltr'><strong>quidem</strong></span> <span class='ocrx_word' id='word_1_72' title='bbox 1398 1210 1454 1267; x_wconf 92' lang='lat' dir='ltr'><strong>sub</strong></span> 
     </span>
     <span class='ocr_line' id='line_1_8' title="bbox 110 1309 1454 1389; baseline 0.001 -23"><span class='ocrx_word' id='word_1_73' title='bbox 110 1313 239 1386; x_wconf 88' lang='lat' dir='ltr'><strong>regibus</strong></span> <span class='ocrx_word' id='word_1_74' title='bbox 261 1311 355 1370; x_wconf 83' lang='lat' dir='ltr'><strong>luisse</strong></span> <span class='ocrx_word' id='word_1_75' title='bbox 378 1310 485 1372; x_wconf 89' lang='lat' dir='ltr'><strong>Cicero</strong></span> <span class='ocrx_word' id='word_1_76' title='bbox 508 1313 599 1371; x_wconf 84' lang='lat' dir='ltr'><strong>tradit</strong></span> <span class='ocrx_word' id='word_1_77' title='bbox 622 1312 673 1388; x_wconf 91' lang='lat' dir='ltr'><strong>(de</strong></span> <span class='ocrx_word' id='word_1_78' title='bbox 695 1335 728 1372; x_wconf 91' lang='lat' dir='ltr'><strong>re</strong></span> <span class='ocrx_word' id='word_1_79' title='bbox 751 1312 825 1389; x_wconf 81' lang='grc' dir='ltr'>ρ.2,</span> <span class='ocrx_word' id='word_1_80' title='bbox 845 1314 891 1384; x_wconf 84' lang='grc'><strong>14,</strong></span> <span class='ocrx_word' id='word_1_81' title='bbox 910 1312 965 1383; x_wconf 84' lang='grc'><strong>26;</strong></span> <span class='ocrx_word' id='word_1_82' title='bbox 993 1313 1031 1370; x_wconf 90' lang='grc'><strong>01.</strong></span> <span class='ocrx_word' id='word_1_83' title='bbox 1056 1310 1235 1370; x_wconf 82' lang='lat' dir='ltr'><strong>Stoatsrecbt</strong></span> <span class='ocrx_word' id='word_1_84' title='bbox 1257 1309 1285 1380; x_wconf 92' lang='grc'><strong>2,</strong></span> <span class='ocrx_word' id='word_1_85' title='bbox 1303 1311 1342 1368; x_wconf 89' lang='grc'><strong>26</strong></span> <span class='ocrx_word' id='word_1_86' title='bbox 1364 1333 1392 1370; x_wconf 88' lang='lat' dir='ltr'><strong>n.</strong></span> <span class='ocrx_word' id='word_1_87' title='bbox 1413 1313 1454 1387; x_wconf 90' lang='lat'><strong>1),</strong></span> 
     </span>
     <span class='ocr_line' id='line_1_9' title="bbox 107 1411 1453 1491; baseline 0.001 -21"><span class='ocrx_word' id='word_1_88' title='bbox 107 1429 173 1486; x_wconf 91' lang='lat' dir='ltr'><strong>quo</strong></span> <span class='ocrx_word' id='word_1_89' title='bbox 205 1433 328 1472; x_wconf 89' lang='lat' dir='ltr'><strong>numero</strong></span> <span class='ocrx_word' id='word_1_90' title='bbox 355 1415 426 1473; x_wconf 88' lang='lat' dir='ltr'><strong>item</strong></span> <span class='ocrx_word' id='word_1_91' title='bbox 457 1415 612 1490; x_wconf 89' lang='lat' dir='ltr'><strong>pontifices</strong></span> <span class='ocrx_word' id='word_1_92' title='bbox 635 1416 725 1473; x_wconf 90' lang='lat' dir='ltr'><strong>creati</strong></span> <span class='ocrx_word' id='word_1_93' title='bbox 749 1425 819 1474; x_wconf 91' lang='lat' dir='ltr'><strong>sunt</strong></span> <span class='ocrx_word' id='word_1_94' title='bbox 844 1415 875 1473; x_wconf 91' lang='lat' dir='ltr'><strong>in</strong></span> <span class='ocrx_word' id='word_1_95' title='bbox 898 1415 1046 1472; x_wconf 88' lang='lat' dir='ltr'><strong>coloniam</strong></span> <span class='ocrx_word' id='word_1_96' title='bbox 1071 1411 1205 1491; x_wconf 85' lang='lat' dir='ltr'><strong>Capuam</strong></span> <span class='ocrx_word' id='word_1_97' title='bbox 1229 1412 1351 1488; x_wconf 89' lang='lat' dir='ltr'><strong>(Cicero</strong></span> <span class='ocrx_word' id='word_1_98' title='bbox 1374 1415 1410 1472; x_wconf 90' lang='lat' dir='ltr'><strong>de</strong></span> <span class='ocrx_word' id='word_1_99' title='bbox 1433 1415 1453 1472; x_wconf 93' lang='lat' dir='ltr'><strong>l.</strong></span> 
     </span>
     <span class='ocr_line' id='line_1_10' title="bbox 106 1513 1453 1595; baseline 0.003 -25"><span class='ocrx_word' id='word_1_100' title='bbox 106 1532 177 1591; x_wconf 86' lang='lat' dir='ltr'><strong>agr.</strong></span> <span class='ocrx_word' id='word_1_101' title='bbox 206 1513 235 1587; x_wconf 93' lang='grc'><strong>2,</strong></span> <span class='ocrx_word' id='word_1_102' title='bbox 253 1516 301 1587; x_wconf 83' lang='grc'><strong>35,</strong></span> <span class='ocrx_word' id='word_1_103' title='bbox 319 1515 387 1591; x_wconf 87' lang='grc'><strong>96);</strong></span> <span class='ocrx_word' id='word_1_104' title='bbox 411 1516 463 1574; x_wconf 91' lang='lat' dir='ltr'><strong>sed</strong></span> <span class='ocrx_word' id='word_1_105' title='bbox 487 1537 554 1576; x_wconf 90' lang='lat' dir='ltr'><strong>eum</strong></span> <span class='ocrx_word' id='word_1_106' title='bbox 577 1537 731 1576; x_wconf 89' lang='lat' dir='ltr'><strong>numerum</strong></span> <span class='ocrx_word' id='word_1_107' title='bbox 746 1517 859 1595; x_wconf 91' lang='lat' dir='ltr'><strong>pariter</strong></span> <span class='ocrx_word' id='word_1_108' title='bbox 881 1526 971 1593; x_wconf 88' lang='lat' dir='ltr'><strong>atque</strong></span> <span class='ocrx_word' id='word_1_109' title='bbox 994 1517 1179 1575; x_wconf 90' lang='lat' dir='ltr'><strong>tribunorum</strong></span> <span class='ocrx_word' id='word_1_110' title='bbox 1196 1515 1321 1574; x_wconf 87' lang='lat' dir='ltr'><strong>militum</strong></span> <span class='ocrx_word' id='word_1_111' title='bbox 1345 1525 1374 1574; x_wconf 88' lang='lat' dir='ltr'><strong>et</strong></span> <span class='ocrx_word' id='word_1_112' title='bbox 1396 1518 1453 1574; x_wconf 86' lang='lat' dir='ltr'><strong>vir-</strong></span> 
     </span>
     <span class='ocr_line' id='line_1_11' title="bbox 102 1615 1452 1696; baseline 0.002 -22"><span class='ocrx_word' id='word_1_113' title='bbox 102 1617 219 1690; x_wconf 86' lang='lat' dir='ltr'><strong>ginum</strong></span> <span class='ocrx_word' id='word_1_114' title='bbox 244 1615 412 1676; x_wconf 77' lang='lat' dir='ltr'><strong>Vestalium</strong></span> <span class='ocrx_word' id='word_1_115' title='bbox 435 1619 608 1696; x_wconf 78' lang='lat' dir='ltr'><strong>similesque</strong></span> <span class='ocrx_word' id='word_1_116' title='bbox 631 1641 667 1678; x_wconf 84' lang='lat' dir='ltr'><strong>ex</strong></span> <span class='ocrx_word' id='word_1_117' title='bbox 691 1621 901 1696; x_wconf 88' lang='lat' dir='ltr'><strong>antiquissima</strong></span> <span class='ocrx_word' id='word_1_118' title='bbox 923 1619 1127 1696; x_wconf 86' lang='lat' dir='ltr'><strong>duplicatione</strong></span> <span class='ocrx_word' id='word_1_119' title='bbox 1150 1619 1330 1677; x_wconf 85' lang='lat' dir='ltr'><strong>descendere</strong></span> <span class='ocrx_word' id='word_1_120' title='bbox 1352 1637 1387 1676; x_wconf 93' lang='lat' dir='ltr'><strong>eo</strong></span> <span class='ocrx_word' id='word_1_121' title='bbox 1410 1620 1452 1677; x_wconf 86' lang='lat' dir='ltr'><strong>fa·</strong></span> 
     </span>
     <span class='ocr_line' id='line_1_12' title="bbox 100 1719 1452 1799; baseline 0.002 -24"><span class='ocrx_word' id='word_1_122' title='bbox 100 1719 205 1776; x_wconf 89' lang='lat' dir='ltr'><strong>cilius</strong></span> <span class='ocrx_word' id='word_1_123' title='bbox 229 1719 432 1793; x_wconf 88' lang='lat' dir='ltr'><strong>admittemus,</strong></span> <span class='ocrx_word' id='word_1_124' title='bbox 461 1722 540 1798; x_wconf 91' lang='lat' dir='ltr'><strong>quod</strong></span> <span class='ocrx_word' id='word_1_125' title='bbox 564 1723 729 1780; x_wconf 86' lang='lat' dir='ltr'><strong>scribarum</strong></span> <span class='ocrx_word' id='word_1_126' title='bbox 752 1723 925 1799; x_wconf 89' lang='lat' dir='ltr'><strong>pontificum</strong></span> <span class='ocrx_word' id='word_1_127' title='bbox 948 1722 1011 1780; x_wconf 88' lang='lat' dir='ltr'><strong>sive</strong></span> <span class='ocrx_word' id='word_1_128' title='bbox 1033 1723 1207 1798; x_wconf 85' lang='lat' dir='ltr'><strong>pontificum</strong></span> <span class='ocrx_word' id='word_1_129' title='bbox 1231 1721 1377 1780; x_wconf 91' lang='lat' dir='ltr'><strong>minorum</strong></span> <span class='ocrx_word' id='word_1_130' title='bbox 1401 1740 1452 1778; x_wconf 93' lang='lat' dir='ltr'><strong>nu-</strong></span> 
     </span>
     <span class='ocr_line' id='line_1_13' title="bbox 100 1808 1451 1900; baseline 0.004 -23"><span class='ocrx_word' id='word_1_131' title='bbox 100 1839 216 1880; x_wconf 89' lang='lat' dir='ltr'><strong>merus</strong></span> <span class='ocrx_word' id='word_1_132' title='bbox 239 1830 348 1897; x_wconf 87' lang='lat' dir='ltr'><strong>postea</strong></span> <span class='ocrx_word' id='word_1_133' title='bbox 363 1841 481 1900; x_wconf 89' lang='lat' dir='ltr'><strong>quoque</strong></span> <span class='ocrx_word' id='word_1_134' title='bbox 504 1808 652 1884; x_wconf 88' lang='lat' dir='ltr'><strong>ternarias</strong></span> <span class='ocrx_word' id='word_1_135' title='bbox 668 1824 786 1883; x_wconf 86' lang='lat' dir='ltr'><strong>videtur</strong></span> <span class='ocrx_word' id='word_1_136' title='bbox 801 1825 895 1882; x_wconf 85' lang='lat' dir='ltr'><strong>luisse</strong></span> <span class='ocrx_word' id='word_1_137' title='bbox 916 1822 1038 1898; x_wconf 89' lang='lat' dir='ltr'><strong>(Cicero</strong></span> <span class='ocrx_word' id='word_1_138' title='bbox 1055 1824 1090 1882; x_wconf 91' lang='lat' dir='ltr'><strong>de</strong></span> <span class='ocrx_word' id='word_1_139' title='bbox 1106 1825 1226 1900; x_wconf 91' lang='lat' dir='ltr'><strong>harusp.</strong></span> <span class='ocrx_word' id='word_1_140' title='bbox 1244 1841 1324 1899; x_wconf 82' lang='lat' dir='ltr'><strong>resp.</strong></span> <span class='ocrx_word' id='word_1_141' title='bbox 1343 1823 1371 1894; x_wconf 88' lang='lat'><strong>6,</strong></span> <span class='ocrx_word' id='word_1_142' title='bbox 1390 1823 1451 1900; x_wconf 91' lang='grc'>12).</span> 
     </span>
     <span class='ocr_line' id='line_1_14' title="bbox 98 1917 1452 2002; baseline 0.002 -23"><span class='ocrx_word' id='word_1_143' title='bbox 98 1917 261 1983; x_wconf 89' lang='lat' dir='ltr'><strong>Similiter</strong></span> <span class='ocrx_word' id='word_1_144' title='bbox 283 1926 319 1984; x_wconf 92' lang='lat' dir='ltr'><strong>de</strong></span> <span class='ocrx_word' id='word_1_145' title='bbox 339 1926 502 2002; x_wconf 90' lang='lat' dir='ltr'><strong>auguribus</strong></span> <span class='ocrx_word' id='word_1_146' title='bbox 519 1926 708 1986; x_wconf 85' lang='lat' dir='ltr'><strong>statuendum</strong></span> <span class='ocrx_word' id='word_1_147' title='bbox 724 1933 780 1996; x_wconf 88' lang='lat' dir='ltr'><strong>est,</strong></span> <span class='ocrx_word' id='word_1_148' title='bbox 803 1945 879 2002; x_wconf 89' lang='lat' dir='ltr'><strong>quos</strong></span> <span class='ocrx_word' id='word_1_149' title='bbox 901 1933 970 1984; x_wconf 89' lang='lat' dir='ltr'><strong>ante</strong></span> <span class='ocrx_word' id='word_1_150' title='bbox 984 1926 1079 2002; x_wconf 89' lang='lat' dir='ltr'><strong>legem</strong></span> <span class='ocrx_word' id='word_1_151' title='bbox 1096 1925 1257 2000; x_wconf 83' lang='lat' dir='ltr'><strong>Ogulnium</strong></span> <span class='ocrx_word' id='word_1_152' title='bbox 1280 1943 1335 1984; x_wconf 83' lang='lat' dir='ltr'><strong>sex</strong></span> <span class='ocrx_word' id='word_1_153' title='bbox 1357 1925 1452 1983; x_wconf 84' lang='lat' dir='ltr'><strong>luisse</strong></span> 
     </span>
     <span class='ocr_line' id='line_1_15' title="bbox 95 2027 1451 2106; baseline 0.003 -24"><span class='ocrx_word' id='word_1_154' title='bbox 95 2027 189 2084; x_wconf 84' lang='lat' dir='ltr'><strong>satis</strong></span> <span class='ocrx_word' id='word_1_155' title='bbox 214 2037 335 2088; x_wconf 88' lang='lat' dir='ltr'><strong>constat</strong></span> <span class='ocrx_word' id='word_1_156' title='bbox 355 2027 478 2104; x_wconf 89' lang='lat' dir='ltr'><strong>(Cicero</strong></span> <span class='ocrx_word' id='word_1_157' title='bbox 497 2029 516 2087; x_wconf 96' lang='lat' dir='ltr'><strong>l.</strong></span> <span class='ocrx_word' id='word_1_158' title='bbox 533 2049 575 2099; x_wconf 89' lang='lat' dir='ltr'><strong>o.;</strong></span> <span class='ocrx_word' id='word_1_159' title='bbox 597 2029 665 2088; x_wconf 88' lang='lat' dir='ltr'><strong>Liv.</strong></span> <span class='ocrx_word' id='word_1_160' title='bbox 685 2030 731 2099; x_wconf 90' lang='grc'><strong>10,</strong></span> <span class='ocrx_word' id='word_1_161' title='bbox 748 2028 791 2104; x_wconf 88' lang='lat'><strong>6),</strong></span> <span class='ocrx_word' id='word_1_162' title='bbox 814 2049 880 2088; x_wconf 93' lang='lat' dir='ltr'><strong>cum</strong></span> <span class='ocrx_word' id='word_1_163' title='bbox 895 2029 934 2086; x_wconf 88' lang='lat' dir='ltr'><strong>ad</strong></span> <span class='ocrx_word' id='word_1_164' title='bbox 949 2047 1015 2087; x_wconf 87' lang='lat' dir='ltr'><strong>cum</strong></span> <span class='ocrx_word' id='word_1_165' title='bbox 1035 2047 1189 2087; x_wconf 91' lang='lat' dir='ltr'><strong>numerum</strong></span> <span class='ocrx_word' id='word_1_166' title='bbox 1213 2028 1363 2106; x_wconf 91' lang='lat' dir='ltr'><strong>quomodo</strong></span> <span class='ocrx_word' id='word_1_167' title='bbox 1385 2047 1451 2104; x_wconf 90' lang='lat' dir='ltr'><strong>pcr-</strong></span> 
     </span>
     <span class='ocr_line' id='line_1_16' title="bbox 92 2128 1450 2208; baseline 0.002 -23"><span class='ocrx_word' id='word_1_168' title='bbox 92 2137 238 2188; x_wconf 86' lang='lat' dir='ltr'><strong>ventum</strong></span> <span class='ocrx_word' id='word_1_169' title='bbox 254 2130 294 2189; x_wconf 89' lang='lat' dir='ltr'><strong>sit</strong></span> <span class='ocrx_word' id='word_1_170' title='bbox 308 2143 445 2190; x_wconf 88' lang='lat' dir='ltr'><strong>auctores</strong></span> <span class='ocrx_word' id='word_1_171' title='bbox 461 2133 542 2190; x_wconf 81' lang='lat' dir='ltr'><strong>varie</strong></span> <span class='ocrx_word' id='word_1_172' title='bbox 559 2131 686 2190; x_wconf 89' lang='lat' dir='ltr'><strong>tradant.</strong></span> <span class='ocrx_word' id='word_1_173' title='bbox 711 2131 824 2190; x_wconf 87' lang='lat' dir='ltr'><strong>Decem</strong></span> <span class='ocrx_word' id='word_1_174' title='bbox 840 2149 968 2207; x_wconf 89' lang='lat' dir='ltr'><strong>augures</strong></span> <span class='ocrx_word' id='word_1_175' title='bbox 984 2131 1063 2208; x_wconf 91' lang='lat' dir='ltr'><strong>quod</strong></span> <span class='ocrx_word' id='word_1_176' title='bbox 1079 2132 1169 2190; x_wconf 87' lang='lat' dir='ltr'><strong>creati</strong></span> <span class='ocrx_word' id='word_1_177' title='bbox 1186 2139 1257 2189; x_wconf 90' lang='lat' dir='ltr'><strong>sunt</strong></span> <span class='ocrx_word' id='word_1_178' title='bbox 1271 2132 1302 2189; x_wconf 93' lang='lat' dir='ltr'><strong>in</strong></span> <span class='ocrx_word' id='word_1_179' title='bbox 1315 2128 1450 2208; x_wconf 82' lang='lat' dir='ltr'><strong>Capuam</strong></span> 
     </span>
     <span class='ocr_line' id='line_1_17' title="bbox 92 2231 1450 2310; baseline 0.004 -24"><span class='ocrx_word' id='word_1_180' title='bbox 92 2232 264 2290; x_wconf 88' lang='lat' dir='ltr'><strong>coloniam</strong></span> <span class='ocrx_word' id='word_1_181' title='bbox 287 2231 407 2306; x_wconf 88' lang='lat' dir='ltr'><strong>(Cicero</strong></span> <span class='ocrx_word' id='word_1_182' title='bbox 423 2235 459 2292; x_wconf 91' lang='lat' dir='ltr'><strong>de</strong></span> <span class='ocrx_word' id='word_1_183' title='bbox 474 2234 494 2292; x_wconf 93' lang='lat' dir='ltr'><strong>l.</strong></span> <span class='ocrx_word' id='word_1_184' title='bbox 511 2251 571 2310; x_wconf 86' lang='lat' dir='ltr'><strong>agr.</strong></span> <span class='ocrx_word' id='word_1_185' title='bbox 588 2233 608 2291; x_wconf 94' lang='lat' dir='ltr'><strong>l.</strong></span> <span class='ocrx_word' id='word_1_186' title='bbox 626 2235 677 2310; x_wconf 92' lang='lat' dir='ltr'><strong>c.),</strong></span> <span class='ocrx_word' id='word_1_187' title='bbox 701 2235 764 2294; x_wconf 89' lang='lat' dir='ltr'><strong>sine</strong></span> <span class='ocrx_word' id='word_1_188' title='bbox 787 2234 877 2292; x_wconf 91' lang='lat' dir='ltr'><strong>dubio</strong></span> <span class='ocrx_word' id='word_1_189' title='bbox 900 2235 938 2292; x_wconf 85' lang='lat' dir='ltr'><strong>ab</strong></span> <span class='ocrx_word' id='word_1_190' title='bbox 960 2235 1084 2310; x_wconf 89' lang='lat' dir='ltr'><strong>antiqua</strong></span> <span class='ocrx_word' id='word_1_191' title='bbox 1098 2234 1314 2294; x_wconf 89' lang='lat' dir='ltr'><strong>consuetudine</strong></span> <span class='ocrx_word' id='word_1_192' title='bbox 1330 2233 1450 2292; x_wconf 82' lang='lat' dir='ltr'><strong>recedit.</strong></span> 
     </span>
     <span class='ocr_line' id='line_1_18' title="bbox 90 2327 1451 2414; baseline 0.002 -23"><span class='ocrx_word' id='word_1_193' title='bbox 90 2327 189 2392; x_wconf 90' lang='lat' dir='ltr'><strong>Utut</strong></span> <span class='ocrx_word' id='word_1_194' title='bbox 211 2335 249 2392; x_wconf 92' lang='lat' dir='ltr'><strong>de</strong></span> <span class='ocrx_word' id='word_1_195' title='bbox 272 2336 398 2413; x_wconf 90' lang='lat' dir='ltr'><strong>singulis</strong></span> <span class='ocrx_word' id='word_1_196' title='bbox 421 2336 612 2408; x_wconf 92' lang='lat' dir='ltr'><strong>iudicabitur,</strong></span> <span class='ocrx_word' id='word_1_197' title='bbox 635 2336 755 2395; x_wconf 86' lang='lat' dir='ltr'><strong>iuventa</strong></span> <span class='ocrx_word' id='word_1_198' title='bbox 777 2337 842 2413; x_wconf 88' lang='lat' dir='ltr'><strong>lege</strong></span> <span class='ocrx_word' id='word_1_199' title='bbox 859 2333 1009 2395; x_wconf 83' lang='lat' dir='ltr'><strong>Genetiva</strong></span> <span class='ocrx_word' id='word_1_200' title='bbox 1032 2337 1083 2394; x_wconf 76' lang='lat' dir='ltr'><strong>rix</strong></span> <span class='ocrx_word' id='word_1_201' title='bbox 1109 2337 1220 2414; x_wconf 89' lang='lat' dir='ltr'><strong>poterit</strong></span> <span class='ocrx_word' id='word_1_202' title='bbox 1241 2335 1370 2394; x_wconf 87' lang='lat' dir='ltr'><strong>dubitari</strong></span> <span class='ocrx_word' id='word_1_203' title='bbox 1392 2347 1451 2394; x_wconf 85' lang='lat' dir='ltr'><strong>ter-</strong></span> 
     </span>
     <span class='ocr_line' id='line_1_19' title="bbox 89 2437 1451 2516; baseline 0.004 -24"><span class='ocrx_word' id='word_1_204' title='bbox 89 2437 232 2494; x_wconf 85' lang='lat' dir='ltr'><strong>narium</strong></span> <span class='ocrx_word' id='word_1_205' title='bbox 248 2457 401 2496; x_wconf 89' lang='lat' dir='ltr'><strong>numerum</strong></span> <span class='ocrx_word' id='word_1_206' title='bbox 417 2459 435 2497; x_wconf 90' lang='lat' dir='ltr'><strong>a</strong></span> <span class='ocrx_word' id='word_1_207' title='bbox 449 2439 584 2515; x_wconf 86' lang='lat' dir='ltr'><strong>pristinis</strong></span> <span class='ocrx_word' id='word_1_208' title='bbox 600 2439 734 2498; x_wconf 91' lang='lat' dir='ltr'><strong>tribubus</strong></span> <span class='ocrx_word' id='word_1_209' title='bbox 751 2439 847 2497; x_wconf 88' lang='lat' dir='ltr'><strong>tribus</strong></span> <span class='ocrx_word' id='word_1_210' title='bbox 863 2437 1019 2497; x_wconf 87' lang='lat' dir='ltr'><strong>deductum</strong></span> <span class='ocrx_word' id='word_1_211' title='bbox 1035 2438 1150 2515; x_wconf 89' lang='lat' dir='ltr'><strong>origine</strong></span> <span class='ocrx_word' id='word_1_212' title='bbox 1166 2440 1256 2498; x_wconf 89' lang='lat' dir='ltr'><strong>etiam</strong></span> <span class='ocrx_word' id='word_1_213' title='bbox 1271 2439 1303 2496; x_wconf 92' lang='lat' dir='ltr'><strong>in</strong></span> <span class='ocrx_word' id='word_1_214' title='bbox 1314 2439 1451 2516; x_wconf 84' lang='lat' dir='ltr'><strong>collegiis</strong></span> 
     </span>
     <span class='ocr_line' id='line_1_20' title="bbox 88 2539 1451 2618; baseline 0.003 -24"><span class='ocrx_word' id='word_1_215' title='bbox 88 2539 353 2598; x_wconf 77' lang='lat' dir='ltr'><strong>sacerdotalibus</strong></span> <span class='ocrx_word' id='word_1_216' title='bbox 368 2539 545 2599; x_wconf 88' lang='lat' dir='ltr'><strong>Latinorum</strong></span> <span class='ocrx_word' id='word_1_217' title='bbox 570 2559 718 2617; x_wconf 86' lang='lat' dir='ltr'><strong>peraeque</strong></span> <span class='ocrx_word' id='word_1_218' title='bbox 739 2542 923 2618; x_wconf 82' lang='lat' dir='ltr'><strong>regnavisse.</strong></span> <span class='ocrx_word' id='word_1_219' title='bbox 942 2539 1136 2600; x_wconf 87' lang='lat' dir='ltr'><strong>—Ceterum</strong></span> <span class='ocrx_word' id='word_1_220' title='bbox 1153 2540 1240 2598; x_wconf 85' lang='lat' dir='ltr'><strong>deco</strong></span> <span class='ocrx_word' id='word_1_221' title='bbox 1263 2560 1387 2599; x_wconf 89' lang='lat' dir='ltr'><strong>numero</strong></span> <span class='ocrx_word' id='word_1_222' title='bbox 1409 2543 1451 2600; x_wconf 86' lang='lat' dir='ltr'><strong>ita</strong></span> 
     </span>
     <span class='ocr_line' id='line_1_21' title="bbox 86 2636 1451 2720; baseline 0.004 -26"><span class='ocrx_word' id='word_1_223' title='bbox 86 2636 136 2700; x_wconf 88' lang='lat' dir='ltr'><strong>in</strong></span> <span class='ocrx_word' id='word_1_224' title='bbox 162 2643 390 2718; x_wconf 76' lang='lat' dir='ltr'><strong>legacaester,</strong></span> <span class='ocrx_word' id='word_1_225' title='bbox 414 2655 447 2702; x_wconf 86' lang='lat' dir='ltr'><strong>ut</strong></span> <span class='ocrx_word' id='word_1_226' title='bbox 467 2644 517 2719; x_wconf 88' lang='lat' dir='ltr'><strong>qni</strong></span> <span class='ocrx_word' id='word_1_227' title='bbox 541 2645 669 2719; x_wconf 91' lang='lat' dir='ltr'><strong>primum</strong></span> <span class='ocrx_word' id='word_1_228' title='bbox 697 2643 825 2720; x_wconf 89' lang='lat' dir='ltr'><strong>collegia</strong></span> <span class='ocrx_word' id='word_1_229' title='bbox 851 2643 1016 2701; x_wconf 88' lang='lat' dir='ltr'><strong>ordinaturi</strong></span> <span class='ocrx_word' id='word_1_230' title='bbox 1045 2653 1115 2701; x_wconf 90' lang='lat' dir='ltr'><strong>sunt</strong></span> <span class='ocrx_word' id='word_1_231' title='bbox 1141 2661 1176 2701; x_wconf 92' lang='lat' dir='ltr'><strong>eo</strong></span> <span class='ocrx_word' id='word_1_232' title='bbox 1204 2661 1262 2702; x_wconf 89' lang='lat' dir='ltr'><strong>non</strong></span> <span class='ocrx_word' id='word_1_233' title='bbox 1291 2652 1451 2702; x_wconf 87' lang='lat' dir='ltr'><strong>teneantur</strong></span> 
     </span>
     <span class='ocr_line' id='line_1_22' title="bbox 85 2740 1448 2822; baseline 0.003 -24"><span class='ocrx_word' id='word_1_234' title='bbox 85 2740 212 2822; x_wconf 90' lang='lat' dir='ltr'><strong>iisque</strong></span> <span class='ocrx_word' id='word_1_235' title='bbox 235 2745 324 2804; x_wconf 89' lang='lat' dir='ltr'><strong>liceat</strong></span> <span class='ocrx_word' id='word_1_236' title='bbox 346 2745 392 2804; x_wconf 85' lang='lat' dir='ltr'><strong>vel</strong></span> <span class='ocrx_word' id='word_1_237' title='bbox 415 2765 508 2821; x_wconf 90' lang='lat' dir='ltr'><strong>supra</strong></span> <span class='ocrx_word' id='word_1_238' title='bbox 530 2765 597 2804; x_wconf 89' lang='lat' dir='ltr'><strong>eum</strong></span> <span class='ocrx_word' id='word_1_239' title='bbox 616 2765 771 2804; x_wconf 90' lang='lat' dir='ltr'><strong>numerum</strong></span> <span class='ocrx_word' id='word_1_240' title='bbox 794 2747 950 2821; x_wconf 87' lang='lat' dir='ltr'><strong>pontifices</strong></span> <span class='ocrx_word' id='word_1_241' title='bbox 973 2761 1161 2821; x_wconf 82' lang='lat' dir='ltr'><strong>auguresque</strong></span> <span class='ocrx_word' id='word_1_242' title='bbox 1181 2765 1295 2816; x_wconf 87' lang='lat' dir='ltr'><strong>creara;</strong></span> <span class='ocrx_word' id='word_1_243' title='bbox 1319 2746 1400 2820; x_wconf 92' lang='lat' dir='ltr'><strong>quod</strong></span> <span class='ocrx_word' id='word_1_244' title='bbox 1423 2745 1448 2803; x_wconf 93' lang='lat' dir='ltr'><strong>si</strong></span> 
     </span>
     <span class='ocr_line' id='line_1_23' title="bbox 84 2842 1447 2926; baseline -0.003 -18"><span class='ocrx_word' id='word_1_245' title='bbox 84 2842 224 2908; x_wconf 79' lang='lat' dir='ltr'><strong>factum</strong></span> <span class='ocrx_word' id='word_1_246' title='bbox 252 2849 318 2920; x_wconf 89' lang='lat' dir='ltr'><strong>erit,</strong></span> <span class='ocrx_word' id='word_1_247' title='bbox 346 2849 519 2924; x_wconf 86' lang='lat' dir='ltr'><strong>pontificum</strong></span> <span class='ocrx_word' id='word_1_248' title='bbox 542 2865 745 2926; x_wconf 87' lang='lat' dir='ltr'><strong>augurumque</strong></span> <span class='ocrx_word' id='word_1_249' title='bbox 768 2847 879 2906; x_wconf 86' lang='lat' dir='ltr'><strong>creatio</strong></span> <span class='ocrx_word' id='word_1_250' title='bbox 910 2848 967 2905; x_wconf 90' lang='lat' dir='ltr'><strong>hac</strong></span> <span class='ocrx_word' id='word_1_251' title='bbox 992 2846 1059 2925; x_wconf 88' lang='lat' dir='ltr'><strong>legs</strong></span> <span class='ocrx_word' id='word_1_252' title='bbox 1082 2847 1221 2907; x_wconf 87' lang='lat' dir='ltr'><strong>ordinato</strong></span> <span class='ocrx_word' id='word_1_253' title='bbox 1246 2857 1308 2906; x_wconf 87' lang='lat' dir='ltr'><strong>tum</strong></span> <span class='ocrx_word' id='word_1_254' title='bbox 1331 2848 1447 2906; x_wconf 85' lang='lat' dir='ltr'><strong>domurn</strong></span> 
     </span>
     <span class='ocr_line' id='line_1_24' title="bbox 86 2947 1219 3030; baseline -0.001 -18"><span class='ocrx_word' id='word_1_255' title='bbox 86 2947 248 3029; x_wconf 78' lang='lat' dir='ltr'><strong>incipiet,</strong></span> <span class='ocrx_word' id='word_1_256' title='bbox 268 2971 334 3012; x_wconf 90' lang='lat' dir='ltr'><strong>cum</strong></span> <span class='ocrx_word' id='word_1_257' title='bbox 357 2953 484 3030; x_wconf 88' lang='lat' dir='ltr'><strong>collegia</strong></span> <span class='ocrx_word' id='word_1_258' title='bbox 504 2955 583 3012; x_wconf 83' lang='lat' dir='ltr'><strong>infra</strong></span> <span class='ocrx_word' id='word_1_259' title='bbox 604 2954 766 3012; x_wconf 86' lang='lat' dir='ltr'><strong>ternarium</strong></span> <span class='ocrx_word' id='word_1_260' title='bbox 789 2971 945 3010; x_wconf 90' lang='lat' dir='ltr'><strong>numerum</strong></span> <span class='ocrx_word' id='word_1_261' title='bbox 968 2971 1037 3012; x_wconf 89' lang='lat' dir='ltr'><strong>esse</strong></span> <span class='ocrx_word' id='word_1_262' title='bbox 1058 2954 1219 3030; x_wconf 89' lang='lat' dir='ltr'><strong>coeperint.</strong></span> 
     </span>
    </p>

    <p class='ocr_par' dir='ltr' id='par_1_4' title="bbox 57 3053 1588 4257">
     <span class='ocr_line' id='line_1_25' title="bbox 198 3053 1574 3133; baseline -0.001 -17"><span class='ocrx_word' id='word_1_263' title='bbox 198 3057 331 3117; x_wconf 89' lang='lat' dir='ltr'><strong>Primam</strong></span> <span class='ocrx_word' id='word_1_264' title='bbox 353 3058 540 3118; x_wconf 89' lang='lat' dir='ltr'><strong>sacerdotum</strong></span> <span class='ocrx_word' id='word_1_265' title='bbox 562 3059 801 3117; x_wconf 86' lang='lat' dir='ltr'><strong>constitutionem</strong></span> <span class='ocrx_word' id='word_1_266' title='bbox 827 3057 865 3115; x_wconf 91' lang='lat' dir='ltr'><strong>ad</strong></span> <span class='ocrx_word' id='word_1_267' title='bbox 887 3077 953 3116; x_wconf 90' lang='lat' dir='ltr'><strong>eum</strong></span> <span class='ocrx_word' id='word_1_268' title='bbox 981 3058 1129 3133; x_wconf 86' lang='lat' dir='ltr'><strong>pertinere</strong></span> <span class='ocrx_word' id='word_1_269' title='bbox 1151 3058 1201 3132; x_wconf 91' lang='lat' dir='ltr'><strong>qui</strong></span> <span class='ocrx_word' id='word_1_270' title='bbox 1224 3055 1375 3116; x_wconf 88' lang='lat' dir='ltr'><strong>coloniam</strong></span> <span class='ocrx_word' id='word_1_271' title='bbox 1397 3055 1446 3113; x_wconf 87' lang='lat' dir='ltr'><strong>de·</strong></span> <span class='ocrx_word' id='word_1_272' title='bbox 1472 3053 1574 3104; x_wconf 75' lang='lat' dir='ltr'><strong>Gremio</strong></span> 
     </span>
     <span class='ocr_line' id='line_1_26' title="bbox 88 3140 1577 3238; baseline 0.001 -22"><span class='ocrx_word' id='word_1_273' title='bbox 88 3155 259 3220; x_wconf 84' lang='lat' dir='ltr'><strong>ducturos</strong></span> <span class='ocrx_word' id='word_1_274' title='bbox 282 3161 323 3220; x_wconf 85' lang='lat' dir='ltr'><strong>sit</strong></span> <span class='ocrx_word' id='word_1_275' title='bbox 343 3171 373 3220; x_wconf 90' lang='lat' dir='ltr'><strong>et</strong></span> <span class='ocrx_word' id='word_1_276' title='bbox 394 3180 448 3238; x_wconf 89' lang='lat' dir='ltr'><strong>per</strong></span> <span class='ocrx_word' id='word_1_277' title='bbox 469 3179 502 3220; x_wconf 93' lang='lat' dir='ltr'><strong>se</strong></span> <span class='ocrx_word' id='word_1_278' title='bbox 524 3161 707 3238; x_wconf 85' lang='lat' dir='ltr'><strong>intellegitur</strong></span> <span class='ocrx_word' id='word_1_279' title='bbox 733 3171 763 3218; x_wconf 84' lang='lat' dir='ltr'><strong>et</strong></span> <span class='ocrx_word' id='word_1_280' title='bbox 784 3161 821 3218; x_wconf 91' lang='lat' dir='ltr'><strong>de</strong></span> <span class='ocrx_word' id='word_1_281' title='bbox 843 3157 949 3236; x_wconf 84' lang='lat' dir='ltr'><strong>Capua</strong></span> <span class='ocrx_word' id='word_1_282' title='bbox 970 3161 1088 3218; x_wconf 93' lang='lat' dir='ltr'><strong>colonia</strong></span> <span class='ocrx_word' id='word_1_283' title='bbox 1113 3160 1223 3219; x_wconf 87' lang='lat' dir='ltr'><strong>diserte</strong></span> <span class='ocrx_word' id='word_1_284' title='bbox 1246 3157 1351 3218; x_wconf 91' lang='lat' dir='ltr'><strong>Cicero</strong></span> <span class='ocrx_word' id='word_1_285' title='bbox 1375 3161 1447 3218; x_wconf 90' lang='lat' dir='ltr'><strong>scri·</strong></span> <span class='ocrx_word' id='word_1_286' title='bbox 1474 3140 1577 3202; x_wconf 69' lang='lat' dir='ltr'><strong>P⁰¹¹¹ffi‘</strong></span> 
     </span>
     <span class='ocr_line' id='line_1_27' title="bbox 83 3229 1588 3366; baseline 0.002 -49"><span class='ocrx_word' id='word_1_287' title='bbox 83 3255 152 3320; x_wconf 90' lang='lat' dir='ltr'><strong>bit</strong></span> <span class='ocrx_word' id='word_1_288' title='bbox 175 3261 231 3338; x_wconf 86' lang='lat' dir='ltr'><strong>(de</strong></span> <span class='ocrx_word' id='word_1_289' title='bbox 252 3262 271 3320; x_wconf 92' lang='lat' dir='ltr'><strong>l.</strong></span> <span class='ocrx_word' id='word_1_290' title='bbox 295 3283 357 3341; x_wconf 88' lang='lat' dir='ltr'><strong>agr.</strong></span> <span class='ocrx_word' id='word_1_291' title='bbox 382 3262 410 3334; x_wconf 92' lang='grc'><strong>2,</strong></span> <span class='ocrx_word' id='word_1_292' title='bbox 427 3263 477 3334; x_wconf 85' lang='grc'><strong>35,</strong></span> <span class='ocrx_word' id='word_1_293' title='bbox 493 3263 550 3323; x_wconf 83' lang='lat'><strong>96:</strong></span> <span class='ocrx_word' id='word_1_294' title='bbox 579 3263 633 3322; x_wconf 84' lang='grc'>1100</span> <span class='ocrx_word' id='word_1_295' title='bbox 660 3267 709 3322; x_wconf 82' lang='lat' dir='ltr'><strong>isti</strong></span> <span class='ocrx_word' id='word_1_296' title='bbox 735 3265 885 3322; x_wconf 82' lang='lat' dir='ltr'><strong>decemuiri</strong></span> <span class='ocrx_word' id='word_1_297' title='bbox 910 3281 971 3322; x_wconf 85' lang='lat' dir='ltr'><strong>cam</strong></span> <span class='ocrx_word' id='word_1_298' title='bbox 994 3263 1059 3326; x_wconf 73' lang='lat'><strong>109</strong></span> <span class='ocrx_word' id='word_1_299' title='bbox 1083 3229 1588 3366; x_wconf 48' lang='grc' dir='ltr'><strong>0010001001(1011000160,Πῗὲζῗῃῗὲ1</strong></span> 
     </span>
     <span class='ocr_line' id='line_1_28' title="bbox 85 3364 1445 3442; baseline 0.003 -24"><span class='ocrx_word' id='word_1_300' title='bbox 85 3374 223 3424; x_wconf 73' lang='lat' dir='ltr'><strong>contum</strong></span> <span class='ocrx_word' id='word_1_301' title='bbox 246 3365 420 3436; x_wconf 82' lang='lat' dir='ltr'><strong>decuriones,</strong></span> <span class='ocrx_word' id='word_1_302' title='bbox 444 3368 535 3424; x_wconf 78' lang='lat' dir='ltr'><strong>decem</strong></span> <span class='ocrx_word' id='word_1_303' title='bbox 557 3384 689 3442; x_wconf 65' lang='lat' dir='ltr'><strong>augures,</strong></span> <span class='ocrx_word' id='word_1_304' title='bbox 716 3383 766 3424; x_wconf 80' lang='lat' dir='ltr'><strong>aaa</strong></span> <span class='ocrx_word' id='word_1_305' title='bbox 787 3368 935 3442; x_wconf 71' lang='lat' dir='ltr'><strong>pontefices</strong></span> <span class='ocrx_word' id='word_1_306' title='bbox 957 3365 1171 3442; x_wconf 80' lang='lat' dir='ltr'><strong>constituerint).</strong></span> <span class='ocrx_word' id='word_1_307' title='bbox 1214 3364 1333 3424; x_wconf 89' lang='lat' dir='ltr'><strong>Deinde</strong></span> <span class='ocrx_word' id='word_1_308' title='bbox 1355 3367 1445 3423; x_wconf 91' lang='lat' dir='ltr'><strong>comi·</strong></span> 
     </span>
     <span class='ocr_line' id='line_1_29' title="bbox 80 3464 1448 3543; baseline 0.001 -20"><span class='ocrx_word' id='word_1_309' title='bbox 80 3464 160 3524; x_wconf 82' lang='lat' dir='ltr'><strong>tiis</strong></span> <span class='ocrx_word' id='word_1_310' title='bbox 192 3467 365 3526; x_wconf 86' lang='lat' dir='ltr'><strong>sacerdotes</strong></span> <span class='ocrx_word' id='word_1_311' title='bbox 391 3476 531 3527; x_wconf 87' lang='lat' dir='ltr'><strong>creantur</strong></span> <span class='ocrx_word' id='word_1_312' title='bbox 557 3487 575 3525; x_wconf 91' lang='lat' dir='ltr'><strong>a</strong></span> <span class='ocrx_word' id='word_1_313' title='bbox 601 3467 744 3538; x_wconf 89' lang='lat' dir='ltr'><strong>duoviris‚</strong></span> <span class='ocrx_word' id='word_1_314' title='bbox 772 3468 884 3543; x_wconf 88' lang='lat' dir='ltr'><strong>pariter</strong></span> <span class='ocrx_word' id='word_1_315' title='bbox 910 3473 1000 3543; x_wconf 87' lang='lat' dir='ltr'><strong>atque</strong></span> <span class='ocrx_word' id='word_1_316' title='bbox 1026 3467 1083 3542; x_wconf 92' lang='lat' dir='ltr'><strong>ipsi</strong></span> <span class='ocrx_word' id='word_1_317' title='bbox 1112 3467 1228 3525; x_wconf 84' lang='lat' dir='ltr'><strong>duoviri</strong></span> <span class='ocrx_word' id='word_1_318' title='bbox 1258 3467 1297 3543; x_wconf 93' lang='lat' dir='ltr'><strong>(c.</strong></span> <span class='ocrx_word' id='word_1_319' title='bbox 1315 3466 1385 3542; x_wconf 88' lang='grc'><strong>68);</strong></span> <span class='ocrx_word' id='word_1_320' title='bbox 1415 3477 1448 3525; x_wconf 89' lang='lat' dir='ltr'><strong>ut</strong></span> 
     </span>
     <span class='ocr_line' id='line_1_30' title="bbox 78 3560 1447 3648; baseline -0.001 -21"><span class='ocrx_word' id='word_1_321' title='bbox 78 3560 303 3628; x_wconf 80' lang='lat' dir='ltr'><strong>Modestinus</strong></span> <span class='ocrx_word' id='word_1_322' title='bbox 327 3587 443 3646; x_wconf 88' lang='lat' dir='ltr'><strong>quoque</strong></span> <span class='ocrx_word' id='word_1_323' title='bbox 466 3569 619 3648; x_wconf 68' lang='lat' dir='ltr'><strong>(nigra,</strong></span> <span class='ocrx_word' id='word_1_324' title='bbox 638 3571 685 3642; x_wconf 94' lang='grc'><strong>14,</strong></span> <span class='ocrx_word' id='word_1_325' title='bbox 712 3571 738 3640; x_wconf 93' lang='grc'><strong>1,</strong></span> <span class='ocrx_word' id='word_1_326' title='bbox 757 3569 787 3645; x_wconf 94' lang='lat' dir='ltr'><strong>l)</strong></span> <span class='ocrx_word' id='word_1_327' title='bbox 811 3569 875 3645; x_wconf 86' lang='lat' dir='ltr'><strong>lege</strong></span> <span class='ocrx_word' id='word_1_328' title='bbox 897 3570 976 3628; x_wconf 89' lang='lat' dir='ltr'><strong>Iulia</strong></span> <span class='ocrx_word' id='word_1_329' title='bbox 997 3569 1127 3628; x_wconf 87' lang='lat' dir='ltr'><strong>ambitus</strong></span> <span class='ocrx_word' id='word_1_330' title='bbox 1150 3570 1192 3628; x_wconf 89' lang='lat' dir='ltr'><strong>ait</strong></span> <span class='ocrx_word' id='word_1_331' title='bbox 1213 3569 1316 3640; x_wconf 86' lang='lat' dir='ltr'><strong>teneri,</strong></span> <span class='ocrx_word' id='word_1_332' title='bbox 1342 3569 1393 3644; x_wconf 92' lang='lat' dir='ltr'><strong>qui</strong></span> <span class='ocrx_word' id='word_1_333' title='bbox 1415 3570 1447 3626; x_wconf 91' lang='lat' dir='ltr'><strong>in</strong></span> 
     </span>
     <span class='ocr_line' id='line_1_31' title="bbox 74 3671 1448 3749; baseline -0.001 -20"><span class='ocrx_word' id='word_1_334' title='bbox 74 3671 277 3746; x_wconf 68' lang='lat' dir='ltr'><strong>municipio</strong></span> <span class='ocrx_word' id='word_1_335' title='bbox 299 3683 403 3731; x_wconf 85' lang='lat' dir='ltr'><strong>contra</strong></span> <span class='ocrx_word' id='word_1_336' title='bbox 425 3691 489 3732; x_wconf 89' lang='lat' dir='ltr'><strong>eam</strong></span> <span class='ocrx_word' id='word_1_337' title='bbox 515 3673 610 3749; x_wconf 88' lang='lat' dir='ltr'><strong>legem</strong></span> <span class='ocrx_word' id='word_1_338' title='bbox 633 3671 841 3748; x_wconf 89' lang='lat' dir='ltr'><strong>magistratum</strong></span> <span class='ocrx_word' id='word_1_339' title='bbox 868 3682 919 3730; x_wconf 89' lang='lat' dir='ltr'><strong>aut</strong></span> <span class='ocrx_word' id='word_1_340' title='bbox 940 3671 1137 3730; x_wconf 89' lang='lat' dir='ltr'><strong>sacerdotium</strong></span> <span class='ocrx_word' id='word_1_341' title='bbox 1160 3671 1286 3748; x_wconf 88' lang='lat' dir='ltr'><strong>petierit.</strong></span> <span class='ocrx_word' id='word_1_342' title='bbox 1331 3671 1448 3728; x_wconf 92' lang='lat' dir='ltr'><strong>Indicta</strong></span> 
     </span>
     <span class='ocr_line' id='line_1_32' title="bbox 73 3771 1447 3850; baseline -0.001 -18"><span class='ocrx_word' id='word_1_343' title='bbox 73 3773 235 3832; x_wconf 72' lang='lat' dir='ltr'><strong>comitia</strong></span> <span class='ocrx_word' id='word_1_344' title='bbox 257 3773 282 3832; x_wconf 88' lang='lat' dir='ltr'><strong>si</strong></span> <span class='ocrx_word' id='word_1_345' title='bbox 305 3793 358 3850; x_wconf 91' lang='lat' dir='ltr'><strong>per</strong></span> <span class='ocrx_word' id='word_1_346' title='bbox 380 3774 513 3850; x_wconf 89' lang='lat' dir='ltr'><strong>aliquam</strong></span> <span class='ocrx_word' id='word_1_347' title='bbox 535 3792 656 3833; x_wconf 88' lang='lat' dir='ltr'><strong>causam</strong></span> <span class='ocrx_word' id='word_1_348' title='bbox 680 3773 763 3832; x_wconf 88' lang='lat' dir='ltr'><strong>irrita</strong></span> <span class='ocrx_word' id='word_1_349' title='bbox 785 3775 868 3845; x_wconf 90' lang='lat' dir='ltr'><strong>fiunt,</strong></span> <span class='ocrx_word' id='word_1_350' title='bbox 892 3793 910 3831; x_wconf 90' lang='lat' dir='ltr'><strong>a</strong></span> <span class='ocrx_word' id='word_1_351' title='bbox 932 3773 1056 3832; x_wconf 90' lang='lat' dir='ltr'><strong>duoviro</strong></span> <span class='ocrx_word' id='word_1_352' title='bbox 1078 3772 1283 3850; x_wconf 90' lang='lat' dir='ltr'><strong>prodicuntur.</strong></span> <span class='ocrx_word' id='word_1_353' title='bbox 1325 3771 1447 3832; x_wconf 88' lang='lat' dir='ltr'><strong>Creatio</strong></span> 
     </span>
     <span class='ocr_line' id='line_1_33' title="bbox 64 3875 1447 3953; baseline 0 -21"><span class='ocrx_word' id='word_1_354' title='bbox 64 3882 162 3944; x_wconf 73' lang='lat' dir='ltr'><strong>per</strong></span> <span class='ocrx_word' id='word_1_355' title='bbox 184 3875 330 3934; x_wconf 90' lang='lat' dir='ltr'><strong>minorem</strong></span> <span class='ocrx_word' id='word_1_356' title='bbox 352 3883 467 3952; x_wconf 86' lang='lat' dir='ltr'><strong>partem</strong></span> <span class='ocrx_word' id='word_1_357' title='bbox 490 3877 604 3953; x_wconf 90' lang='lat' dir='ltr'><strong>populi,</strong></span> <span class='ocrx_word' id='word_1_358' title='bbox 626 3875 726 3952; x_wconf 86' lang='lat' dir='ltr'><strong>qualis</strong></span> <span class='ocrx_word' id='word_1_359' title='bbox 741 3875 856 3934; x_wconf 87' lang='lat' dir='ltr'><strong>Romae</strong></span> <span class='ocrx_word' id='word_1_360' title='bbox 872 3875 1007 3946; x_wconf 85' lang='lat' dir='ltr'><strong>obtinuit,</strong></span> <span class='ocrx_word' id='word_1_361' title='bbox 1030 3875 1068 3933; x_wconf 90' lang='lat' dir='ltr'><strong>ad</strong></span> <span class='ocrx_word' id='word_1_362' title='bbox 1090 3875 1225 3934; x_wconf 90' lang='lat' dir='ltr'><strong>colonias</strong></span> <span class='ocrx_word' id='word_1_363' title='bbox 1247 3893 1305 3932; x_wconf 92' lang='lat' dir='ltr'><strong>non</strong></span> <span class='ocrx_word' id='word_1_364' title='bbox 1329 3875 1447 3933; x_wconf 87' lang='lat' dir='ltr'><strong>videtur</strong></span> 
     </span>
     <span class='ocr_line' id='line_1_34' title="bbox 59 3977 1445 4055; baseline -0.001 -20"><span class='ocrx_word' id='word_1_365' title='bbox 59 3981 251 4042; x_wconf 71' lang='lat' dir='ltr'><strong>porrecta</strong></span> <span class='ocrx_word' id='word_1_366' title='bbox 272 3995 349 4037; x_wconf 89' lang='lat' dir='ltr'><strong>esse.</strong></span> <span class='ocrx_word' id='word_1_367' title='bbox 395 3977 543 4038; x_wconf 88' lang='lat' dir='ltr'><strong>Sacerdos</strong></span> <span class='ocrx_word' id='word_1_368' title='bbox 564 3997 617 4055; x_wconf 88' lang='lat' dir='ltr'><strong>per</strong></span> <span class='ocrx_word' id='word_1_369' title='bbox 637 3977 759 4037; x_wconf 89' lang='lat' dir='ltr'><strong>comitia</strong></span> <span class='ocrx_word' id='word_1_370' title='bbox 778 3984 896 4036; x_wconf 88' lang='lat' dir='ltr'><strong>creatus</strong></span> <span class='ocrx_word' id='word_1_371' title='bbox 917 3977 1010 4035; x_wconf 92' lang='lat' dir='ltr'><strong>nihilo</strong></span> <span class='ocrx_word' id='word_1_372' title='bbox 1025 3977 1122 4036; x_wconf 89' lang='lat' dir='ltr'><strong>minus</strong></span> <span class='ocrx_word' id='word_1_373' title='bbox 1139 3977 1245 4035; x_wconf 91' lang='lat' dir='ltr'><strong>dicitur</strong></span> <span class='ocrx_word' id='word_1_374' title='bbox 1260 3977 1347 4036; x_wconf 80' lang='lat' dir='ltr'><strong>lectas</strong></span> <span class='ocrx_word' id='word_1_375' title='bbox 1364 3995 1445 4052; x_wconf 88' lang='lat' dir='ltr'><strong>coop-</strong></span> 
     </span>
     <span class='ocr_line' id='line_1_35' title="bbox 65 4076 1445 4155; baseline -0.003 -17"><span class='ocrx_word' id='word_1_376' title='bbox 65 4079 223 4138; x_wconf 68' lang='lat' dir='ltr'><strong>t(atteras</strong></span> <span class='ocrx_word' id='word_1_377' title='bbox 245 4078 382 4155; x_wconf 87' lang='lat'><strong>(11,13;</strong></span> <span class='ocrx_word' id='word_1_378' title='bbox 406 4081 442 4139; x_wconf 88' lang='grc'><strong>01.</strong></span> <span class='ocrx_word' id='word_1_379' title='bbox 468 4076 855 4155; x_wconf 75' lang='grc'>610011100112,2711.2).</span> <span class='ocrx_word' id='word_1_380' title='bbox 877 4112 915 4122; x_wconf 94' lang='grc'><strong>-</strong></span> <span class='ocrx_word' id='word_1_381' title='bbox 932 4077 1059 4138; x_wconf 86' lang='lat' dir='ltr'><strong>Creator</strong></span> <span class='ocrx_word' id='word_1_382' title='bbox 1080 4099 1140 4138; x_wconf 93' lang='lat' dir='ltr'><strong>non</strong></span> <span class='ocrx_word' id='word_1_383' title='bbox 1163 4078 1258 4137; x_wconf 90' lang='lat' dir='ltr'><strong>solum</strong></span> <span class='ocrx_word' id='word_1_384' title='bbox 1282 4079 1313 4136; x_wconf 92' lang='lat' dir='ltr'><strong>in</strong></span> <span class='ocrx_word' id='word_1_385' title='bbox 1336 4079 1445 4137; x_wconf 89' lang='lat' dir='ltr'><strong>mortni</strong></span> 
     </span>
     <span class='ocr_line' id='line_1_36' title="bbox 57 4163 1444 4257; baseline -0.001 -19"><span class='ocrx_word' id='word_1_386' title='bbox 57 4163 90 4226; x_wconf 78' lang='lat'>1</span> <span class='ocrx_word' id='word_1_387' title='bbox 103 4199 222 4252; x_wconf 71' lang='lat' dir='ltr'><strong>ocum,</strong></span> <span class='ocrx_word' id='word_1_388' title='bbox 245 4182 299 4240; x_wconf 92' lang='lat' dir='ltr'><strong>sed</strong></span> <span class='ocrx_word' id='word_1_389' title='bbox 321 4183 410 4240; x_wconf 89' lang='lat' dir='ltr'><strong>etiam</strong></span> <span class='ocrx_word' id='word_1_390' title='bbox 433 4183 463 4241; x_wconf 92' lang='lat' dir='ltr'><strong>in</strong></span> <span class='ocrx_word' id='word_1_391' title='bbox 485 4183 584 4242; x_wconf 90' lang='lat' dir='ltr'><strong>locum</strong></span> <span class='ocrx_word' id='word_1_392' title='bbox 606 4182 737 4240; x_wconf 86' lang='lat' dir='ltr'><strong>damnati</strong></span> <span class='ocrx_word' id='word_1_393' title='bbox 754 4181 819 4257; x_wconf 84' lang='grc'>(11,</span> <span class='ocrx_word' id='word_1_394' title='bbox 838 4181 900 4257; x_wconf 86' lang='grc'>13),</span> <span class='ocrx_word' id='word_1_395' title='bbox 924 4199 990 4240; x_wconf 90' lang='lat' dir='ltr'><strong>cum</strong></span> <span class='ocrx_word' id='word_1_396' title='bbox 1013 4191 1176 4257; x_wconf 88' lang='lat' dir='ltr'><strong>auguratus</strong></span> <span class='ocrx_word' id='word_1_397' title='bbox 1196 4181 1299 4257; x_wconf 90' lang='lat' dir='ltr'><strong>populi</strong></span> <span class='ocrx_word' id='word_1_398' title='bbox 1315 4179 1444 4238; x_wconf 86' lang='lat' dir='ltr'><strong>Romani</strong></span> 
     </span>
    </p>

    <p class='ocr_par' dir='ltr' id='par_1_5' title="bbox 55 4283 1218 4360">
     <span class='ocr_line' id='line_1_37' title="bbox 55 4283 1218 4360; baseline 0 -20"><span class='ocrx_word' id='word_1_399' title='bbox 55 4286 170 4342; x_wconf 74' lang='grc' dir='ltr'><strong>ιἰοιι</strong></span> <span class='ocrx_word' id='word_1_400' title='bbox 193 4283 344 4342; x_wconf 89' lang='lat' dir='ltr'><strong>adimatur</strong></span> <span class='ocrx_word' id='word_1_401' title='bbox 366 4285 478 4343; x_wconf 80' lang='lat' dir='ltr'><strong>virenti</strong></span> <span class='ocrx_word' id='word_1_402' title='bbox 501 4284 632 4360; x_wconf 88' lang='lat' dir='ltr'><strong>(Plinius</strong></span> <span class='ocrx_word' id='word_1_403' title='bbox 654 4303 699 4360; x_wconf 91' lang='lat' dir='ltr'><strong>ep.</strong></span> <span class='ocrx_word' id='word_1_404' title='bbox 723 4285 751 4355; x_wconf 89' lang='grc'><strong>4,</strong></span> <span class='ocrx_word' id='word_1_405' title='bbox 768 4285 797 4354; x_wconf 89' lang='grc'><strong>8,</strong></span> <span class='ocrx_word' id='word_1_406' title='bbox 816 4285 848 4354; x_wconf 84' lang='grc'><strong>1;</strong></span> <span class='ocrx_word' id='word_1_407' title='bbox 872 4283 1023 4342; x_wconf 88' lang='lat' dir='ltr'><strong>Plutarch.</strong></span> <span class='ocrx_word' id='word_1_408' title='bbox 1047 4301 1076 4358; x_wconf 88' lang='lat' dir='ltr'><strong>q.</strong></span> <span class='ocrx_word' id='word_1_409' title='bbox 1099 4283 1136 4342; x_wconf 88' lang='lat' dir='ltr'><strong>R.</strong></span> <span class='ocrx_word' id='word_1_410' title='bbox 1154 4284 1218 4359; x_wconf 86' lang='grc'>99).</span> 
     </span>
    </p>

    <p class='ocr_par' dir='ltr' id='par_1_6' title="bbox 55 4383 1445 4666">
     <span class='ocr_line' id='line_1_38' title="bbox 194 4383 1444 4465; baseline -0.002 -21"><span class='ocrx_word' id='word_1_411' title='bbox 194 4385 338 4445; x_wconf 80' lang='lat' dir='ltr'><strong>Pontifex</strong></span> <span class='ocrx_word' id='word_1_412' title='bbox 361 4405 514 4465; x_wconf 87' lang='lat' dir='ltr'><strong>augurque</strong></span> <span class='ocrx_word' id='word_1_413' title='bbox 536 4386 671 4445; x_wconf 91' lang='lat' dir='ltr'><strong>coloniae</strong></span> <span class='ocrx_word' id='word_1_414' title='bbox 687 4383 853 4444; x_wconf 82' lang='lat' dir='ltr'><strong>Geneticae</strong></span> <span class='ocrx_word' id='word_1_415' title='bbox 875 4393 908 4444; x_wconf 92' lang='lat' dir='ltr'><strong>ut</strong></span> <span class='ocrx_word' id='word_1_416' title='bbox 929 4386 997 4461; x_wconf 90' lang='lat' dir='ltr'><strong>quis</strong></span> <span class='ocrx_word' id='word_1_417' title='bbox 1020 4386 1082 4455; x_wconf 87' lang='lat' dir='ltr'><strong>fiat,</strong></span> <span class='ocrx_word' id='word_1_418' title='bbox 1105 4385 1179 4443; x_wconf 90' lang='lat' dir='ltr'><strong>nihil</strong></span> <span class='ocrx_word' id='word_1_419' title='bbox 1202 4385 1365 4460; x_wconf 88' lang='lat' dir='ltr'><strong>requiritur</strong></span> <span class='ocrx_word' id='word_1_420' title='bbox 1386 4384 1444 4443; x_wconf 90' lang='lat' dir='ltr'><strong>nisi</strong></span> 
     </span>
     <span class='ocr_line' id='line_1_39' title="bbox 55 4486 1445 4566; baseline -0.001 -22"><span class='ocrx_word' id='word_1_421' title='bbox 55 4493 147 4544; x_wconf 57' lang='lat' dir='ltr'><strong>Qx</strong></span> <span class='ocrx_word' id='word_1_422' title='bbox 175 4505 213 4544; x_wconf 86' lang='lat' dir='ltr'><strong>ea</strong></span> <span class='ocrx_word' id='word_1_423' title='bbox 239 4487 358 4546; x_wconf 89' lang='lat' dir='ltr'><strong>colonia</strong></span> <span class='ocrx_word' id='word_1_424' title='bbox 390 4497 422 4546; x_wconf 92' lang='lat' dir='ltr'><strong>ut</strong></span> <span class='ocrx_word' id='word_1_425' title='bbox 454 4489 495 4546; x_wconf 84' lang='lat' dir='ltr'><strong>sit</strong></span> <span class='ocrx_word' id='word_1_426' title='bbox 527 4488 678 4565; x_wconf 86' lang='lat'>(10‚31);</span> <span class='ocrx_word' id='word_1_427' title='bbox 710 4487 741 4546; x_wconf 92' lang='lat' dir='ltr'><strong>id</strong></span> <span class='ocrx_word' id='word_1_428' title='bbox 774 4487 854 4564; x_wconf 90' lang='lat' dir='ltr'><strong>quod</strong></span> <span class='ocrx_word' id='word_1_429' title='bbox 888 4507 954 4546; x_wconf 90' lang='lat' dir='ltr'><strong>cum</strong></span> <span class='ocrx_word' id='word_1_430' title='bbox 988 4486 1104 4566; x_wconf 89' lang='lat' dir='ltr'><strong>legibus</strong></span> <span class='ocrx_word' id='word_1_431' title='bbox 1127 4487 1272 4546; x_wconf 87' lang='lat' dir='ltr'><strong>Romanis</strong></span> <span class='ocrx_word' id='word_1_432' title='bbox 1306 4487 1445 4544; x_wconf 90' lang='lat' dir='ltr'><strong>convenit</strong></span> 
     </span>
     <span class='ocr_line' id='line_1_40' title="bbox 58 4579 525 4666; baseline -0.002 -19"><span class='ocrx_word' id='word_1_433' title='bbox 58 4579 110 4656; x_wconf 78' lang='lat'>(</span> <span class='ocrx_word' id='word_1_434' title='bbox 123 4587 310 4648; x_wconf 79' lang='lat' dir='ltr'><strong>Stactarscltt</strong></span> <span class='ocrx_word' id='word_1_435' title='bbox 330 4588 359 4661; x_wconf 89' lang='grc'><strong>2,</strong></span> <span class='ocrx_word' id='word_1_436' title='bbox 377 4591 414 4648; x_wconf 83' lang='grc'><strong>17</strong></span> <span class='ocrx_word' id='word_1_437' title='bbox 436 4609 465 4648; x_wconf 92' lang='lat' dir='ltr'><strong>n.</strong></span> <span class='ocrx_word' id='word_1_438' title='bbox 482 4591 525 4666; x_wconf 82' lang='lat'><strong>4).</strong></span> 
     </span>
    </p>
   </div>
   <div class='ocr_carea' id='block_1_4' title="bbox 61 4679 1591 5176">
    <p class='ocr_par' dir='ltr' id='par_1_7' title="bbox 61 4679 1590 4876">
     <span class='ocr_line' id='line_1_41' title="bbox 194 4679 1590 4770; baseline -0.004 -23"><span class='ocrx_word' id='word_1_439' title='bbox 194 4691 358 4768; x_wconf 86' lang='lat' dir='ltr'><strong>Privilegia</strong></span> <span class='ocrx_word' id='word_1_440' title='bbox 385 4691 574 4751; x_wconf 86' lang='lat' dir='ltr'><strong>sacerdotum</strong></span> <span class='ocrx_word' id='word_1_441' title='bbox 603 4692 738 4751; x_wconf 87' lang='lat' dir='ltr'><strong>coloniae</strong></span> <span class='ocrx_word' id='word_1_442' title='bbox 765 4711 801 4750; x_wconf 90' lang='lat' dir='ltr'><strong>ea</strong></span> <span class='ocrx_word' id='word_1_443' title='bbox 827 4693 890 4751; x_wconf 84' lang='lat' dir='ltr'><strong>lere</strong></span> <span class='ocrx_word' id='word_1_444' title='bbox 918 4700 996 4766; x_wconf 90' lang='lat' dir='ltr'><strong>sunt,</strong></span> <span class='ocrx_word' id='word_1_445' title='bbox 1031 4711 1107 4770; x_wconf 86' lang='lat' dir='ltr'><strong>quae</strong></span> <span class='ocrx_word' id='word_1_446' title='bbox 1134 4701 1253 4751; x_wconf 85' lang='lat' dir='ltr'><strong>constat</strong></span> <span class='ocrx_word' id='word_1_447' title='bbox 1280 4679 1590 4751; x_wconf 67' lang='lat' dir='ltr'><strong>obtinuissepsllfl‘sil</strong></span> 
     </span>
     <span class='ocr_line' id='line_1_42' title="bbox 61 4754 1581 4876; baseline 0 -28"><span class='ocrx_word' id='word_1_448' title='bbox 61 4792 189 4868; x_wconf 53' lang='lat' dir='ltr'><strong>qud</strong></span> <span class='ocrx_word' id='word_1_449' title='bbox 213 4791 376 4852; x_wconf 86' lang='lat' dir='ltr'><strong>Romanos.</strong></span> <span class='ocrx_word' id='word_1_450' title='bbox 1463 4754 1581 4876; x_wconf 40' lang='lat' dir='ltr'><strong>⁵³5⁵&amp;sp</strong></span> 
     </span>
    </p>

    <p class='ocr_par' dir='ltr' id='par_1_8' title="bbox 63 4895 1591 5176">
     <span class='ocr_line' id='line_1_43' title="bbox 197 4895 1591 4974; baseline 0 -24"><span class='ocrx_word' id='word_1_451' title='bbox 197 4895 223 4953; x_wconf 93' lang='lat' dir='ltr'><strong>l.</strong></span> <span class='ocrx_word' id='word_1_452' title='bbox 268 4895 462 4954; x_wconf 86' lang='lat' dir='ltr'><strong>Praetextam</strong></span> <span class='ocrx_word' id='word_1_453' title='bbox 485 4903 592 4974; x_wconf 88' lang='lat' dir='ltr'><strong>gerunt</strong></span> <span class='ocrx_word' id='word_1_454' title='bbox 613 4897 784 4956; x_wconf 88' lang='lat' dir='ltr'><strong>sacerdotes</strong></span> <span class='ocrx_word' id='word_1_455' title='bbox 806 4915 864 4955; x_wconf 93' lang='lat' dir='ltr'><strong>non</strong></span> <span class='ocrx_word' id='word_1_456' title='bbox 891 4897 972 4955; x_wconf 91' lang='lat' dir='ltr'><strong>omni</strong></span> <span class='ocrx_word' id='word_1_457' title='bbox 998 4903 1132 4974; x_wconf 89' lang='lat' dir='ltr'><strong>tempore</strong></span> <span class='ocrx_word' id='word_1_458' title='bbox 1153 4897 1290 4972; x_wconf 89' lang='lat' dir='ltr'><strong>locoque,</strong></span> <span class='ocrx_word' id='word_1_459' title='bbox 1324 4904 1356 4954; x_wconf 89' lang='lat' dir='ltr'><strong>ut</strong></span> <span class='ocrx_word' id='word_1_460' title='bbox 1381 4913 1442 4952; x_wconf 89' lang='lat' dir='ltr'><strong>ma·</strong></span> <span class='ocrx_word' id='word_1_461' title='bbox 1453 4903 1591 4951; x_wconf 82' lang='lat' dir='ltr'><strong>Praetexta</strong></span> 
     </span>
     <span class='ocr_line' id='line_1_44' title="bbox 63 4994 1442 5076; baseline -0.001 -22"><span class='ocrx_word' id='word_1_462' title='bbox 63 4994 263 5069; x_wconf 58' lang='lat' dir='ltr'><strong>giuti-atus,</strong></span> <span class='ocrx_word' id='word_1_463' title='bbox 286 4998 341 5056; x_wconf 88' lang='lat' dir='ltr'><strong>sed</strong></span> <span class='ocrx_word' id='word_1_464' title='bbox 362 5006 425 5056; x_wconf 89' lang='lat' dir='ltr'><strong>tum</strong></span> <span class='ocrx_word' id='word_1_465' title='bbox 441 4998 571 5069; x_wconf 90' lang='lat' dir='ltr'><strong>demum,</strong></span> <span class='ocrx_word' id='word_1_466' title='bbox 593 5017 659 5056; x_wconf 89' lang='lat' dir='ltr'><strong>cum</strong></span> <span class='ocrx_word' id='word_1_467' title='bbox 683 5017 770 5058; x_wconf 86' lang='lat' dir='ltr'><strong>sacra</strong></span> <span class='ocrx_word' id='word_1_468' title='bbox 791 4999 911 5076; x_wconf 91' lang='lat' dir='ltr'><strong>publica</strong></span> <span class='ocrx_word' id='word_1_469' title='bbox 932 5000 1056 5068; x_wconf 82' lang='lat' dir='ltr'><strong>iaciunt,</strong></span> <span class='ocrx_word' id='word_1_470' title='bbox 1079 4999 1149 5057; x_wconf 90' lang='lat' dir='ltr'><strong>item</strong></span> <span class='ocrx_word' id='word_1_471' title='bbox 1165 5018 1231 5056; x_wconf 87' lang='lat' dir='ltr'><strong>cunr</strong></span> <span class='ocrx_word' id='word_1_472' title='bbox 1248 4999 1442 5074; x_wconf 86' lang='lat' dir='ltr'><strong>magistratus</strong></span> 
     </span>
     <span class='ocr_line' id='line_1_45' title="bbox 63 5097 1442 5176; baseline 0.005 -27"><span class='ocrx_word' id='word_1_473' title='bbox 63 5097 247 5156; x_wconf 64' lang='lat' dir='ltr'><strong>«zeloniae</strong></span> <span class='ocrx_word' id='word_1_474' title='bbox 267 5099 356 5158; x_wconf 91' lang='lat' dir='ltr'><strong>ludos</strong></span> <span class='ocrx_word' id='word_1_475' title='bbox 378 5100 496 5176; x_wconf 91' lang='lat' dir='ltr'><strong>publice</strong></span> <span class='ocrx_word' id='word_1_476' title='bbox 519 5101 632 5160; x_wconf 88' lang='lat' dir='ltr'><strong>faciunt</strong></span> <span class='ocrx_word' id='word_1_477' title='bbox 654 5101 718 5176; x_wconf 89' lang='grc'>(11,</span> <span class='ocrx_word' id='word_1_478' title='bbox 735 5101 779 5176; x_wconf 83' lang='lat' dir='ltr'><strong>b).</strong></span> <span class='ocrx_word' id='word_1_479' title='bbox 823 5100 871 5160; x_wconf 88' lang='lat' dir='ltr'><strong>De</strong></span> <span class='ocrx_word' id='word_1_480' title='bbox 898 5100 951 5160; x_wconf 95' lang='lat' dir='ltr'><strong>illo</strong></span> <span class='ocrx_word' id='word_1_481' title='bbox 978 5119 1035 5159; x_wconf 88' lang='lat' dir='ltr'><strong>usu</strong></span> <span class='ocrx_word' id='word_1_482' title='bbox 1062 5101 1191 5176; x_wconf 88' lang='lat' dir='ltr'><strong>exposui</strong></span> <span class='ocrx_word' id='word_1_483' title='bbox 1219 5099 1291 5157; x_wconf 87' lang='lat' dir='ltr'><strong>alibi</strong></span> <span class='ocrx_word' id='word_1_484' title='bbox 1314 5097 1442 5175; x_wconf 74' lang='lat' dir='ltr'><strong>(Staure-</strong></span> 
     </span>
    </p>
   </div>
   <div class='ocr_carea' id='block_1_5' title="bbox 67 5196 1443 5278">
    <p class='ocr_par' dir='ltr' id='par_1_9' title="bbox 67 5196 1443 5278">
     <span class='ocr_line' id='line_1_46' title="bbox 67 5196 1443 5278; baseline 0.004 -23"><span class='ocrx_word' id='word_1_485' title='bbox 67 5199 185 5257; x_wconf 54' lang='lat' dir='ltr'><strong>*eela</strong></span> <span class='ocrx_word' id='word_1_486' title='bbox 203 5196 243 5270; x_wconf 76' lang='lat'><strong>1²,</strong></span> <span class='ocrx_word' id='word_1_487' title='bbox 259 5199 347 5278; x_wconf 83' lang='lat'>406);</span> <span class='ocrx_word' id='word_1_488' title='bbox 372 5200 427 5260; x_wconf 85' lang='lat' dir='ltr'><strong>lroc</strong></span> <span class='ocrx_word' id='word_1_489' title='bbox 449 5201 496 5260; x_wconf 89' lang='lat' dir='ltr'><strong>ius</strong></span> <span class='ocrx_word' id='word_1_490' title='bbox 521 5211 551 5260; x_wconf 90' lang='lat' dir='ltr'><strong>ut</strong></span> <span class='ocrx_word' id='word_1_491' title='bbox 574 5220 650 5261; x_wconf 91' lang='lat' dir='ltr'><strong>nunc</strong></span> <span class='ocrx_word' id='word_1_492' title='bbox 673 5203 800 5278; x_wconf 89' lang='lat' dir='ltr'><strong>primum</strong></span> <span class='ocrx_word' id='word_1_493' title='bbox 828 5209 967 5260; x_wconf 86' lang='lat' dir='ltr'><strong>testatum</strong></span> <span class='ocrx_word' id='word_1_494' title='bbox 996 5201 1152 5272; x_wconf 85' lang='lat' dir='ltr'><strong>babemus,</strong></span> <span class='ocrx_word' id='word_1_495' title='bbox 1180 5201 1231 5272; x_wconf 88' lang='lat' dir='ltr'><strong>ita,</strong></span> <span class='ocrx_word' id='word_1_496' title='bbox 1260 5220 1325 5259; x_wconf 90' lang='lat' dir='ltr'><strong>cum</strong></span> <span class='ocrx_word' id='word_1_497' title='bbox 1353 5201 1443 5260; x_wconf 90' lang='lat' dir='ltr'><strong>etiam</strong></span> 
     </span>
    </p>
   </div>
   <div class='ocr_carea' id='block_1_6' title="bbox 0 0 1762 5828">
    <p class='ocr_par' dir='ltr' id='par_1_10' title="bbox 0 0 1762 5828">
     <span class='ocr_line' id='line_1_47' title="bbox 0 0 1762 5828; baseline 0 11"><span class='ocrx_word' id='word_1_498' title='bbox 0 0 1762 5828; x_wconf 95' lang='lat' dir='ltr'><strong> </strong></span> 
     </span>
    </p>
   </div>
  </div>
 </body>
</html>
