3488 5828
422 495 721 548 ossenvamouns
748 496 1035 548 111611116611.
1320 480 1392 550 235

148 674 285 734 Ulterius
313 670 452 748 progredi
479 689 585 746 parum
613 678 707 727 tutum
731 679 784 728 est.
829 669 907 730 Sane
930 672 1033 746 quaeri
1061 678 1170 749 potest,
1199 691 1271 730 num
1299 673 1395 731 tribus

62 777 211 836 naturalis
241 775 299 847 Pii,
329 793 406 848 quae
437 773 574 832 Voltinia
603 772 660 830 fuit
690 781 792 848 utpote
822 772 1050 846 Nemausensis,
1081 775 1150 832 item
1180 775 1283 847 Marci,
1313 775 1397 833 cuius

63 881 186 937 domum
208 877 246 936 ad
270 874 423 935 Galeriam
444 874 652 950 Hispanorum
680 875 860 950 pertinuisse
887 893 978 952 supra
1000 897 1028 952 p.
1049 876 1105 935 159
1129 877 1252 948 conieci,
1280 886 1398 951 praeter

61 982 228 1056 legitimam
257 978 410 1054 Papiriam
440 978 469 1033 in
499 996 597 1035 rerum
627 976 813 1052 publicarum
846 977 966 1035 civitate
999 973 1175 1036 donatarum
1209 977 1397 1036 ordinatione

61 1083 214 1141 adhibitae
242 1081 309 1140 sint.
355 1078 469 1140 Similis
498 1079 636 1154 quaestio
663 1080 842 1156 proponitur
872 1098 931 1137 non
959 1087 1019 1138 tam
1042 1080 1078 1136 de
1101 1080 1280 1156 imperatore
1301 1079 1396 1138 Perti·

61 1203 147 1254 nace,
177 1183 228 1259 qui
255 1189 343 1241 natus
367 1182 464 1240 Albae
487 1180 649 1256 Pompeiae
675 1181 705 1238 in
734 1179 863 1239 Camilia
889 1181 1075 1255 censebatur,
1104 1200 1194 1257 quam
1221 1181 1257 1239 de
1284 1180 1397 1243 Severo

62 1286 188 1361 eiusque
213 1285 354 1362 posteris.
398 1284 430 1342 Is
458 1291 545 1341 natus
573 1281 660 1357 Lepti
687 1301 798 1361 magna
822 1284 936 1360 origine
969 1284 1006 1342 ad
1034 1284 1187 1360 Papiriam
1217 1284 1397 1359 pertinuisse

62 1388 196 1459 videtum
220 1406 288 1444 nam
311 1386 421 1444 tribum
436 1384 673 1461 Leptitanorum,
696 1385 752 1442 etsi
767 1385 878 1444 diserte
898 1405 934 1443 ea
948 1405 1007 1445 non
1030 1386 1166 1458 traditur,
1190 1404 1257 1444 cum
1281 1385 1398 1444 colonia

60 1489 156 1548 fuerit
175 1489 268 1564 Ulpia
289 1488 423 1548 Traiana
445 1487 511 1562 (Ali
535 1486 600 1563 ch
623 1487 728 1543 trusels
755 1489 765 1543 l
794 1490 852 1546 tab.
872 1489 908 1547 15
922 1514 958 1538 =
975 1489 1033 1547 rol.
1050 1487 1129 1545 VIII
1152 1507 1180 1546 n.
1204 1487 1264 1562 10),
1293 1506 1397 1547 seeun-

61 1592 134 1650 dum
156 1609 248 1669 supra
270 1590 350 1648 dieta
371 1589 527 1668 probabile
550 1598 596 1647 cst
617 1588 711 1646 fuisse
726 1587 888 1664 Papiriam.
933 1590 968 1648 Id
991 1591 1017 1647 si
1039 1591 1082 1648 ita
1103 1597 1158 1661 est,
1182 1589 1278 1648 tribus
1294 1587 1396 1650 Severi

62 1693 210 1752 naturalis
244 1677 347 1752 eadem
380 1702 445 1750 erat
478 1698 568 1768 atque
594 1692 828 1764 Antoninorum,
861 1711 987 1768 quorum
1022 1693 1107 1768 stirpi
1135 1692 1282 1768 originem
1311 1709 1396 1750 suam

37 1793 168 1854 ‘neseio
196 1796 347 1872 quomodo
375 1794 511 1852 inseruit.
555 1793 659 1851 Potuit
688 1793 809 1851 omnino
832 1802 955 1871 propter
976 1795 1167 1872 adoptionem
1190 1794 1315 1853 alteram
1337 1813 1397 1851 non

62 1897 164 1956 minus
186 1897 325 1955 ficticiam
348 1897 387 1955 ad
409 1894 566 1954 Camiliam
581 1895 747 1954 Pertinacis
770 1914 803 1954 se
824 1897 1002 1967 transserre3
1026 1898 1078 1956 scd
1101 1897 1195 1974 magis
1219 1895 1397 1955 crediderim

62 2000 217 2076 Papiriam
240 2019 307 2058 eum
331 2007 464 2057 secutum
486 2016 561 2057 esse.
607 1995 824 2056 Commendant
851 2018 916 2057 eam
945 1999 1116 2075 opinionem
1146 1998 1309 2076 municipia
1338 1998 1396 2056 duo

61 2101 210 2160 Africana
243 2102 369 2160 alterum
400 2099 551 2158 1161111611
579 2099 828 2158 Alexandrianum
854 2100 1016 2177 Augustum
1050 2101 1190 2177 Mopsum
1222 2099 1397 2178 Giufitaaum

62 2204 140 2278 (vol.
156 2203 245 2273 VIII,
263 2203 323 2263 866
337 2228 374 2252 ==
388 2203 491 2261 Maffei
507 2202 547 2261 M.
563 2202 601 2260 V.
618 2200 689 2274 462,
705 2205 739 2276 43
770 2203 867 2262 Orelli
884 2202 989 2280 2548),
1013 2203 1138 2262 alterum
1155 2203 1305 2262 Aurelium
1323 2203 1397 2261 Viae

62 2305 137 2380 (vol.
154 2305 241 2378 VIII,
258 2305 328 2365 958.
345 2305 405 2364 960
419 2330 455 2356 =
470 2302 584 2363 Gue'rin
607 2325 669 2382 vop.
687 2303 802 2376 1164.
823 2304 898 2381 265)
921 2313 1079 2382 utrumque
1101 2305 1284 2382 adscriptum
1308 2303 1396 2362 tribui

61 2407 221 2483 Papiriae;
252 2427 288 2465 ea
315 2407 393 2466 enim
423 2425 531 2465 nomen
559 2407 715 2466 Aurelium
749 2408 843 2484 magis
877 2417 925 2466 est
952 2418 985 2466 ut
1014 2426 1032 2465 a
1061 2406 1220 2467 Caracalla
1252 2406 1398 2465 traxerint

61 2527 152 2584 quam
176 2510 213 2567 ab
234 2510 416 2585 imperatore
433 2509 534 2584 aliquo
557 2509 669 2567 saeculi
693 2510 826 2568 secundi.
872 2507 930 2570 Sed
952 2528 1007 2586 per
1027 2511 1102 2568 haec
1124 2518 1268 2586 tempora,
1289 2508 1397 2584 quibus

43 2613 223 2695 ¹universus
257 2612 374 2688 imperii
403 2611 533 2669 Romani
566 2618 663 2670 status
691 2611 834 2670 dilabitur
867 2619 896 2668 et
923 2613 1139 2687 corrumpitur,
1172 2629 1221 2669 res
1251 2610 1397 2669 tribuaria

62 2732 182 2790 quoque
205 2719 269 2772 tota
290 2731 411 2789 pessum
432 2713 519 2772 datur
541 2721 572 2772 et
593 2713 812 2789 quodammodo
835 2714 995 2772 evanescit.
1040 2713 1139 2788 Quam
1165 2713 1204 2770 ob
1233 2731 1294 2770 rem
1324 2711 1396 2768 satis

61 2816 240 2874 habebimus
274 2816 407 2874 florentis
439 2816 557 2892 imperii
590 2834 608 2872 a
642 2813 770 2874 Claudio
803 2816 840 2873 ad
874 2814 1060 2874 Hadrianum
1094 2815 1188 2892 legem
1221 2813 1397 2872 tribuariam

62 2919 233 2994 repperisse
261 2927 291 2975 61
318 2919 531 2988 666111611616;
565 2936 601 2975 ea
629 2918 708 2976 eninr
741 2917 903 2994 prudenter
932 2917 1066 2976 adhibita
1098 2935 1157 2975 uon
1190 2917 1293 2975 dubito
1323 2916 1395 2991 quin

62 3020 200 3095 quaestio
223 3038 354 3078 1611111166
376 3020 544 3097 gravitatis,
567 3039 620 3095 per
641 3007 718 3094 quos
741 3019 853 3098 gradus
880 3020 985 3078 civitas
1007 3019 1145 3078 Romana
1165 3019 1202 3077 ad
1224 3017 1395 3097 provincias

61 3120 172 3180 Latine
195 3123 352 3198 loquentes
374 3130 542 3199 propagata
564 3121 612 3194 sit,
635 3133 752 3198 praeter
774 3140 858 3198 spem
880 3140 959 3180 nova
980 3122 1046 3181 luce
1068 3121 1244 3180 illustretur.

315 3443 447 3540 XXI.
507 3441 773 3540 CYRIAOI
802 3441 1146 3538 THRACICA.

149 3653 197 3712 Ad
225 3655 320 3714 libros
348 3657 476 3733 scriptos
502 3655 612 3733 oppido
639 3672 762 3732 paucos,
790 3655 897 3731 quibus
921 3653 1039 3714 Graeca
1061 3655 1275 3732 epigrammata
1297 3671 1314 3710 a
1337 3651 1396 3729 Cy-

62 3759 146 3815 11166
169 3766 296 3834 excepta
317 3760 514 3828 eontinentur,
542 3777 636 3833 nuper
662 3761 792 3816 accessit
817 3757 962 3816 beneficio
989 3777 1054 3816 curn
1077 3757 1241 3814 amicorum
1261 3772 1396 3812 meorum

64 3857 170 3919 Caroli
193 3860 417 3936 Zangemeister
437 3868 467 3918 et
488 3860 613 3918 Henriei
637 3859 811 3936 Oldenberg
836 3867 899 3917 tum
925 3859 1037 3918 domini
1065 3858 1134 3916 libri
1156 3858 1214 3916 viri
1235 3855 1395 3932 magnifici,

62 3962 163 4020 adhuc
187 3963 308 4038 ignotus
324 3949 637 4021 'Ashburnhamianus
664 3960 875 4020 Librianorum
898 3981 926 4019 n.
946 3961 1036 4032 1174,
1064 3959 1091 4019 11
1120 3960 1185 4035 ipse
1211 3977 1299 4034 quem
1322 3957 1397 4015 Via·

63 4065 181 4122 centius
211 4063 392 4140 Borghinius
422 4064 452 4121 in
481 4065 583 4123 codice
612 4063 785 4122 Florentino
813 4063 1088 4140 Magliabecchiano
1110 4061 1146 4134 P,
1164 4061 1213 4132 10,
1238 4060 1296 4120 109
1324 4059 1397 4118 citat

64 4166 121 4223 sub
144 4164 262 4223 nomine
291 4165 386 4224 libelli
408 4166 459 4242 qui
481 4166 638 4226 Francisei
657 4165 830 4224 Pandulfini
856 4165 925 4240 1611;
953 4183 1022 4223 nam
1049 4163 1267 4241 praescriptum
1295 4162 1322 4220 61
1351 4169 1398 4220 611

60 4261 234 4325 ‘Francisci
255 4266 460 4344 Pandulphini
482 4277 512 4327 et
534 4262 710 4326 amicorum'
732 4266 913 4344 redeuntque
935 4276 1080 4344 excerpta
1100 4265 1170 4324 inde
1192 4283 1210 4322 a
1231 4263 1397 4343 Borghinio

62 4369 94 4426 in
110 4369 398 4428 Ashburnhamiano
420 4370 529 4429 omnia.
572 4369 727 4446 Leguntur
747 4368 865 4429 Graeca
885 4369 939 4428 illa
959 4367 1172 4430 1.]88-191.
1209 4365 1398 4426 Praecedunt

63 4470 338 4530 16661Ρ1616111161
362 4473 390 4544 3,
409 4471 511 4544 1141
536 4471 573 4531 de
594 4471 710 4530 Lemno
736 4471 837 4530 insule
862 4477 892 4530 61
916 4472 1101 4549 epigramma
1128 4471 1160 4530 in
1181 4469 1322 4529 Brandae
1344 4469 1396 4527 ho·

61 4589 167 4630 norem
198 4571 314 4632 Graece
343 4593 361 4632 a
388 4572 517 4650 Cyriaco
548 4573 692 4650 seriptum
720 4572 830 4632 editum
859 4574 897 4632 ab
924 4571 1058 4632 Oliverio
1084 4592 1114 4650 p.
1132 4573 1180 4632 63.
1226 4570 1398 4650 Sequuntur

63 4675 146 4733 tituli
169 4675 310 4751 descripti
333 4673 520 4752 Selymbriae
541 4684 571 4734 61
592 4674 728 4734 Perinthi
750 4675 772 4733 ii
793 4675 864 4748 1616,
891 4693 967 4751 quos
989 4675 1060 4734 item
1082 4674 1172 4734 habet
1193 4675 1269 4734 liber
1291 4673 1396 4750 Cyria-

61 4794 159 4835 61661
185 4777 378 4836 Μ166111661
402 4777 483 4837 5250
511 4777 589 4853 (dlxi
616 4777 653 4835 de
680 4796 716 4836 eo
743 4777 803 4835 vol.
818 4777 864 4835 IlI
886 4795 914 4853 p.
934 4775 1008 4852 131)
1034 4776 1163 4852 indeque
1189 4795 1284 4852 nuper
1305 4775 1398 4834 edidit

59 4878 209 4936 Albertus
230 4877 366 4938 Dumont
393 4879 590 4956 (11161166611
623 4889 649 4938 11
674 4888 845 4938 monuments
861 4879 969 4956 fipurls
992 4880 1027 4937 de
1049 4877 1079 4935 la
1104 4878 1224 4937 Thrace.
1268 4876 1397 4935 Parisiis

64 4979 123 5038 187
129 4979 171 5055 6).
215 4979 381 5039 Vaticanus
408 4981 484 5040 liber
510 4999 577 5040 cum
599 4980 688 5058 longe
710 4981 827 5056 plenior
848 4987 878 5040 et
904 4981 935 5039 in
957 4981 1128 5040 universum
1151 4978 1337 5039 emendatior
1357 4979 1397 5036 111

61 5101 154 5158 quam
184 5081 500 5156 Ashburnhamianus,
530 5101 590 5141 non
618 5082 744 5141 multum
772 5101 810 5141 611
836 5083 893 5140 1166
921 5082 1109 5160 proficimus3
1137 5099 1193 5158 ego
1224 5080 1396 5156 suppressis

61 5182 216 5242 erroribus
241 5182 398 5242 inutilibus
425 5183 500 5244 satis
527 5183 617 5244 habui
642 5183 770 5245 breviter
795 5183 927 5244 indicare
953 5184 1004 5260 qui
1026 5183 1102 5243 tituli
1123 5182 1155 5241 in
1176 5183 1233 5242 hoo
1253 5179 1331 5241 libro
1354 5181 1395 5241 le·

59 5292 175 5364 gantur
197 5291 227 5345 et
248 5284 336 5345 utilia
359 5285 385 5346 si
407 5303 466 5364 qua
487 5285 606 5365 repperi
628 5285 744 5346 afferre.
849 5279 850 5282 '
