3496 5828
555 2053 1014 2166 4111111411111114

419 2305 495 2387 nn
526 2305 786 2390 corrosus
818 2304 1076 2388 vonvnuu
1105 2305 1151 2386 rr.

709 2507 861 2516 ——a

111 2635 200 2761 De
223 2702 316 2760 variis
339 2703 484 2778 exemplis
508 2701 641 2779 syllegae
670 2701 823 2760 titulorum
848 2700 1051 2779 Hispanorum
1075 2709 1225 2770 vetustae,
1253 2717 1342 2774 quam
1365 2700 1451 2758 Anti·

114 2805 170 2880 qui
198 2805 262 2862 dixi
290 2805 434 2878 cuiusque
456 2823 550 2882 nuper
576 2805 635 2862 duo
662 2804 692 2862 in
714 2803 809 2862 lucem
837 2813 988 2880 protractu
1011 2811 1089 2874 sunt,
1112 2821 1204 2878 supra
1231 2801 1452 2876 Oldenbergius

113 2907 194 2984 egit;
228 2925 286 2964 non
315 2907 419 2964 inutile
446 2907 524 2965 enirn
555 2906 650 2964 visum
679 2915 735 2977 est,
763 2925 839 2982 quae
866 2926 902 2964 ox
931 2906 998 2980 ipso
1022 2904 1172 2963 volumine
1194 2903 1314 2962 difficile
1336 2913 1450 2962 tantum

113 3009 234 3066 erueris
265 3010 352 3066 initia
383 3009 469 3085 quasi
501 3008 637 3085 syllogae
666 3008 819 3086 Hispanae
847 3008 1056 3084 epigraphicae
1085 3007 1182 3066 denuo
1210 3006 1378 3064 accuratius
1406 3007 1451 3064 in-

113 3113 267 3182 lustrare,
289 3111 426 3186 quamvis
449 3111 487 3169 ad
510 3111 614 3170 titulos
637 3111 721 3186 ipsos
745 3111 792 3168 vel
814 3110 965 3188 augendos
988 3109 1034 3168 vel
1058 3110 1165 3168 melius
1187 3108 1330 3187 legendos
1356 3109 1450 3184 frugis

113 3213 189 3272 inde
216 3233 312 3291 paone
343 3213 417 3272 nihil
439 3221 583 3292 appareat
604 3212 780 3271 redundare.
825 3211 910 3287 Quae
932 3231 970 3270 ex
993 3211 1110 3288 sylloge
1132 3210 1349 3270 Filonardiana
1374 3230 1452 3268 nova

113 3326 310 3374 accesserunt
336 3315 465 3374 frustula
491 3315 636 3391 quaedam
665 3335 723 3374 non
753 3333 875 3392 prorsus
903 3316 1005 3374 inania
1033 3315 1193 3374 inserenda
1213 3313 1314 3372 curavi
1338 3314 1452 3372 additu·

113 3417 229 3476 mentis
255 3418 352 3488 hisoe;
381 3435 437 3494 ego
464 3417 541 3475 enim
569 3437 645 3494 quac
671 3437 768 3476 novae
795 3437 848 3493 per
874 3419 930 3476 hos
957 3434 1052 3475 annos
1081 3417 1118 3476 ab
1147 3416 1249 3475 aariois
1276 3415 1451 3492 plerumque

114 3538 236 3578 mecum
263 3521 499 3578 communicatae
526 3529 597 3578 sunt
623 3519 835 3597 inscriptiones
860 3520 1012 3598 Hispanae
1045 3519 1300 3578 memorabiliores
1326 3536 1450 3575 numero

112 3621 188 3699 plus
212 3623 311 3680 minus
333 3623 558 3699 quinquaginta,
582 3640 634 3680 eas
657 3621 789 3682 locorum
814 3623 918 3682 ordine
939 3622 1103 3700 dispositas
1125 3619 1203 3679 inira
1225 3619 1397 3680 recensebo.

109 3911 127 3970 ¹
156 3911 231 3986 (ins.
254 3919 323 3988 post
343 3931 372 3969 n.
389 3910 473 3987 225).
518 3911 647 3971 Parmae
676 3913 707 3970 in
733 3912 913 3972 bibliotheca
938 3913 1022 3990 regia
1043 3912 1232 3972 Bormennus
1259 3911 1289 3970 in
1312 3909 1450 3988 exemplo

158 4013 405 4088 epigrammatum
439 4013 522 4072 urbis
554 4014 668 4074 Romae
696 4015 892 4074 aMazocbio
920 4015 1123 4092 inpressorum
1152 4013 1343 4090 (nuclea),
1370 4013 1451 4091 quod

158 4114 234 4172 olim
256 4113 412 4173 Paciaudii
434 4124 508 4188 erat,
531 4123 649 4192 praeter
670 4117 795 4194 Antiqui
819 4119 955 4196 syllogeu
977 4117 1152 4177 fasciculum
1176 4117 1289 4176 invenit
1309 4116 1450 4176 loliorum

156 4225 303 4291 quattuor
325 4217 367 4275 ita
388 4217 565 4296 inscriptum
586 4213 708 4278 ‘trovato
730 4223 760 4278 ia
782 4219 966 4298 Porloyullo,
994 4223 1041 4279 nel
1069 4219 1148 4278 1768
1174 4219 1307 4277 mandata
1324 4236 1380 4294 per
1405 4235 1450 4274 or-

157 4319 226 4375 dinc
252 4319 299 4375 del
320 4319 382 4395 Sip.
409 4317 460 4378 Co.
483 4321 516 4376 d’
546 4319 634 4396 Oajra
657 4321 689 4380 ul
711 4321 745 4382 P.
769 4319 932 4383 Puciuudi'.
984 4321 1093 4382 Comes
1120 4321 1171 4379 ille
1195 4321 1227 4379 d'
1256 4319 1367 4396 Ocpras
1395 4319 1451 4395 (ita

156 4421 238 4478 enim
262 4439 370 4479 nomen
392 4422 458 4480 eius
481 4423 636 4500 scribitur)
659 4424 685 4482 is
709 4437 764 4498 est,
787 4428 837 4502 qui
861 4425 929 4485 inde
952 4425 989 4483 ab
1012 4444 1039 4482 a.
1059 4423 1138 4508 1170
1160 4423 1293 4482 marchio
1316 4423 1350 4480 dc
1368 4421 1450 4480 Pom-

156 4523 210 4580 bol
226 4523 326 4581 factus
350 4524 479 4582 nominis
500 4525 546 4582 sui
567 4526 740 4584 memoriam
762 4527 884 4603 reliquit
904 4529 934 4586 in
955 4527 1053 4603 patria
1067 4535 1096 4583 et
1111 4534 1198 4584 extra
1217 4525 1291 4582 lines
1307 4525 1370 4582 eius
1391 4525 1451 4583 cla·

155 4645 233 4683 ram.
268 4625 366 4683 Tituli
381 4625 538 4685 duodecim
555 4647 621 4686 cum
637 4647 709 4686 curu
731 4628 839 4706 depicti
862 4630 924 4688 noti
947 4639 1017 4688 sunt
1039 4645 1142 4687 omnes
1167 4645 1225 4685 uno
1248 4636 1372 4703 excepto
1395 4627 1450 4684 lroc

601 4835 654 4891 Qu
672 4835 756 4878 lVLlO
773 4843 786 4874 e
802 4836 855 4892 Q)
872 4837 887 4879 F
910 4837 968 4879 GnL

707 4937 860 4983 SALVlANO

194 5109 296 5168 Tituli
330 5109 449 5185 reliqui,
476 5111 526 5186 qui
555 5123 624 5171 sunt
650 5133 678 5170 n.
698 5113 756 5171 178
787 5115 845 5173 180
877 5115 934 5174 190
965 5113 1022 5173 192
1053 5114 1109 5172 194
1141 5113 1198 5172 195
1225 5112 1281 5170 198
1307 5114 1364 5172 199
1389 5111 1447 5170 221

103 5214 171 5273 940
197 5211 275 5283 245,
300 5209 440 5288 descripti
463 5223 534 5272 suut
556 5223 690 5273 accurate
714 5233 827 5274 omnes.
