3496 5828
119 2097 410 2212 ELOGIVM
436 2099 497 2212 M.
524 2099 895 2211 Musslmlu
922 2097 1042 2211 008.
1069 2099 1124 2211 l.
1151 2098 1397 2214 Doxossl.

605 2304 657 2380 (ad
680 2305 737 2361 vol.
755 2304 769 2362 I
792 2324 820 2380 p.
838 2301 922 2379 277).

688 2472 839 2480 —--—-.-—-

179 2619 317 2676 Mausolo
342 2620 374 2676 di
400 2622 554 2677 trooertino
583 2617 671 2694 luoqo
693 2638 728 2675 m.
754 2621 779 2676 1.
801 2619 853 2690 52,
882 2621 944 2677 olto
965 2639 1001 2678 m.
1028 2620 1056 2678 θ.
1078 2621 1125 2678 44.
1175 2619 1251 2696 Rep.
1282 2639 1320 2678 m.
1347 2619 1429 2697 Sept.

85 2731 114 2780 a.
146 2720 231 2778 1875
257 2722 452 2778 costromdoai
478 2721 507 2778 lc
535 2738 630 2778 nuova
656 2720 787 2778 citios-icc
813 2725 842 2778 in
862 2721 916 2780 l'io
939 2723 985 2780 dcl
1006 2726 1107 2798 tempto
1135 2721 1212 2780 dello
1233 2721 1312 2780 Pace
1338 2724 1430 2780 dictro

85 2826 118 2882 lo
143 2823 275 2882 basilica
298 2825 330 2880 di
351 2822 516 2882 Costaottoo
539 2837 623 2880 com.
1326 2819 1327 2824 '

403 3014 493 3055 Μ·Ν
597 2957 1128 3056 m·vst!ntvs·m·t²·lls

399 3115 489 3157 mus·
631 3114 832 3158 messurus
865 3127 872 3144 ·
906 3099 1059 3158 rosTrr
1093 3129 1109 3157 a

638 3217 1066 3273 rn·n1u·11·Qra·vns·c
1092 3229 1103 3258 ι

635 3303 1063 3362 ν·νιιι·ιι·ι>·ιιϊιΝΤειιιι

686 3421 715 3463 ιιι
780 3434 786 3449 -
893 3420 1017 3464 censos

87 3581 181 3640 Misit
206 3577 344 3638 Dressel.
399 3577 434 3636 F.
466 3575 543 3638 Gori
573 3580 700 3639 archivio
730 3582 835 3638 storico'
865 3579 1059 3656 orcleoloptoo
1092 3599 1106 3637 c
1135 3579 1277 3639 letterorio
1303 3579 1433 3655 (Romae

91 3683 195 3758 1875)
219 3682 235 3739 1
257 3700 288 3758 p.
306 3681 353 3740 oc.

185 3819 235 3878 Ad
263 3817 359 3896 elogia
380 3819 512 3878 virorum
539 3819 685 3880 clarorum
708 3820 816 3879 aetatis
839 3819 951 3878 liberae
971 3821 1013 3877 rei
1036 3819 1173 3897 publicae
1196 3820 1251 3878 sub
1273 3819 1432 3896 imperato-

90 3923 182 3981 ribus
205 3921 325 3996 publice
349 3923 486 3999 exposita
508 3941 603 3998 nuper
629 3923 758 3982 accessit
784 3921 864 3998 quod
892 3939 984 3998 supro
1005 3921 1141 3980 dedimus
1164 3921 1264 3980 nobile
1285 3923 1434 3999 fragmen·

92 4037 160 4085 tum
196 4033 337 4100 spectans
369 4024 406 4082 ad
439 4026 558 4083 domum
585 4024 803 4083 Messallsrum.
853 4023 912 4083 Ubi
942 4024 1013 4082 olim
1047 4025 1228 4100 prostiterit,
1261 4025 1433 4102 ignoratum

91 4145 250 4187 morotorc
276 4127 352 4185 enim
376 4126 545 4197 Messallae,
574 4125 609 4183 de
632 4127 741 4204 quibus
764 4126 870 4184 cecinit
892 4125 1041 4184 Martialis
1065 4125 1130 4201 (10,
1147 4125 1175 4184 2.
1200 4127 1228 4198 8,
1245 4125 1290 4202 3),
1311 4127 1433 4184 ubinam

91 4231 213 4290 fuerint
240 4249 306 4288 cum
332 4238 488 4306 praeterea
515 4229 680 4306 ignoretur,
709 4229 898 4286 temerarium
926 4229 1005 4286 foret
1025 4228 1118 4286 hasce
1140 4239 1259 4286 nostras
1281 4228 1371 4287 bases
1394 4247 1434 4286 ex

92 4335 136 4392 iis
173 4349 333 4409 superesse
363 4331 540 4390 coniectare.
584 4329 746 4390 Hennenus
778 4331 810 4388 in
842 4331 950 4388 litteris
978 4330 1134 4389 admonuit
1166 4329 1272 4388 domus
1294 4329 1434 4389 Valeriae

92 4434 200 4513 gentis
223 4433 261 4491 ab
288 4433 499 4510 antiquissimo
524 4431 593 4491 inde
615 4439 711 4492 aetate
739 4432 769 4490 in
792 4432 880 4490 Velia
902 4432 977 4490 sitae
999 4431 1080 4508 (vide
1103 4431 1193 4490 vol.I
1220 4450 1249 4508 p.
1266 4430 1357 4508 285);
1381 4451 1434 4509 po-

90 4529 284 4611 tueruiitque
307 4553 379 4594 sane
401 4553 436 4594 eo
459 4536 526 4610 ipso
553 4534 620 4592 loco
642 4543 835 4592 monumenta
855 4534 996 4593 Valeriae
1021 4534 1118 4610 gentis
1141 4534 1229 4592 condi
1251 4542 1349 4593 aetate
1371 4536 1435 4593 Au·

91 4639 193 4719 gusti,
220 4656 399 4714 quamquam
422 4636 609 4714 aliquantum
632 4636 725 4694 distst
745 4636 834 4696 Velia
856 4638 894 4695 ab
915 4654 951 4694 eo
978 4637 1055 4708 loco,
1084 4636 1161 4695 uude
1184 4635 1313 4712 elogium
1339 4655 1435 4713 nuper

89 4740 222 4821 prodiit.
268 4737 343 4796 Utut
374 4745 435 4810 est,
468 4739 703 4815 subscriptiones
737 4744 873 4797 tenemus
906 4747 1072 4797 statuarum
1106 4739 1231 4796 duarum
1264 4738 1349 4796 iuxta
1381 4739 1435 4796 ali-

89 4840 225 4921 quando
258 4840 423 4916 positorum
459 4841 589 4899 fortasse
625 4841 693 4899 aliis
726 4848 880 4918 praeterea
912 4841 1071 4912 adiunctis,
1109 4857 1218 4916 easque
1251 4844 1435 4917 perscriptas

90 4947 201 5023 primo
236 4959 317 5012 casu,
351 4951 383 4999 ut
415 4942 561 5001 conscribi
594 4942 730 5002 solebant
762 4942 869 5020 elogia.
916 4941 1029 5001 Earum
1063 4941 1187 5000 alteram
1222 4951 1338 5000 constat
1369 4961 1433 5018 per

90 5049 198 5106 tinere
236 5043 276 5100 ad
310 5043 351 5101 M.
384 5043 560 5102 Messallam
596 5042 724 5120 Nigrum
761 5044 914 5103 consulem
951 5065 978 5104 a.
1004 5065 1033 5104 u.
1059 5063 1084 5102 c.
1112 5042 1170 5102 693
1207 5052 1320 5120 petrem
1356 5043 1436 5102 Mes·

90 5148 196 5208 saliae
226 5142 353 5202 Corvini
386 5145 524 5204 oratoris.
575 5145 711 5206 Alterius
738 5165 804 5205 cum
832 5147 941 5222 exigua
967 5145 1097 5224 vestigio
1125 5145 1277 5223 supersint
1303 5144 1351 5202 avi
1384 5163 1436 5204 no-

1197 5347 1208 5405 l
