3488 5828
348 568 423 638 234
922 587 1106 639 nouusuu

347 762 460 821 Norico
488 760 563 836 (vol.
580 761 628 818 lIl
649 781 677 837 p.
696 759 780 836 649).
824 761 1120 836 Itaquemunicipia
1146 779 1247 818 earum
1275 763 1404 838 partium
1433 763 1495 820 duo
1525 764 1672 820 Andauto-

348 866 427 923 niam
455 862 528 938 (vol.
545 863 594 920 Ill
620 883 650 940 p.
666 861 741 938 508)
768 871 798 921 et
819 861 1030 920 Latobicorum
1054 863 1127 938 (vol.
1144 862 1193 921 III
1215 883 1245 940 p.
1261 863 1337 940 496)
1360 863 1507 938 Quirinac
1530 865 1673 942 adscripta
1706 889 1709 896 ¹

348 967 467 1042 etipsa
488 965 640 1040 probabile
663 973 708 1024 est
736 964 840 1024 eodem
871 975 1003 1040 tempore
1029 966 1192 1024 constituta
1213 984 1290 1038 6666,
1317 976 1351 1025 ut
1371 987 1388 1024 e
1411 968 1567 1027 contrario
1589 970 1672 1026 muni·

347 1069 456 1146 cipium
477 1067 616 1126 Flavium
643 1065 853 1126 Neviodunum
876 1067 1051 1126 Pannoniae
1078 1068 1244 1145 superioris
1273 1067 1345 1144 (vol.
1366 1069 1412 1128 111
1434 1089 1465 1146 p.
1482 1069 1571 1146 498),
1598 1071 1671 1129 cuius

348 1171 442 1230 tribus
464 1171 594 1228 nondum
616 1170 755 1241 innotuit,
778 1168 923 1243 Quirinae
945 1170 1114 1230 adscribere
1135 1171 1195 1228 iam
1218 1170 1328 1228 licebit.

431 1272 467 1329 In
488 1272 651 1350 provinciis
673 1272 825 1330 Africanis
849 1279 991 1348 quantum
1015 1274 1094 1344 novi,
1120 1274 1216 1330 adhuc
1239 1273 1314 1332 duae
1337 1255 1453 1333 tantum
1477 1277 1616 1334 civitates
1637 1277 1670 1334 in·

347 1385 507 1436 notuerunt
533 1394 551 1433 a
578 1374 692 1434 Fluviis
719 1375 952 1451 imperatoribus
981 1375 1171 1445 constitutae,
1198 1394 1304 1452 nempe
1332 1377 1454 1435 colonia
1477 1377 1590 1436 Flavia
1609 1379 1669 1435 Am·

314 1477 317 1482 ’
347 1479 488 1538 maedara
511 1477 634 1553 (Reuier
657 1477 738 1536 3194
755 1502 791 1526 =
805 1477 864 1535 vol.
881 1475 959 1534 VIII
981 1476 1086 1535 1302
1110 1485 1139 1536 et
1161 1478 1266 1536 titulus
1290 1477 1385 1537 adhuc
1407 1479 1540 1538 ineditus
1564 1501 1583 1539 6
1604 1480 1668 1538 Wil-

346 1582 483 1641 mannsio
506 1589 641 1657 repertus
664 1587 694 1636 ct
716 1579 876 1654 ailquando
899 1579 1032 1637 edendus
1059 1580 1097 1638 ib.
1122 1599 1149 1637 n.
1167 1579 1237 1650 308,
1261 1579 1311 1639 ubi
1331 1581 1419 1656 plene
1440 1583 1556 1660 legitur
1571 1582 1668 1640 colonio

348 1685 459 1744 Flavia
486 1683 619 1759 11666616
645 1684 788 1739 Acmerr'ta
816 1679 1024 1756 Ammaedara)
1054 1689 1084 1740 et
1111 1680 1241 1739 icosium
1269 1691 1345 1740 teste
1373 1683 1476 1741 Plinio
1503 1685 1534 1756 5,
1552 1683 1580 1754 2,
1596 1684 1667 1741 106

347 1787 539 1863 Vespasiano
570 1784 650 1843 Latii
683 1785 747 1842 iure
781 1782 931 1841 donatum.
976 1781 1143 1858 Utramque
1177 1803 1238 1841 rem
1271 1784 1422 1859 publicam
1451 1784 1599 1858 Quirinae
1627 1785 1665 1844 ad·

347 1887 606 1973 scriptamssuisse
628 1894 776 1946 testantur
797 1885 874 1944 tituli
896 1904 915 1942 a
937 1883 1133 1944 Grotefendio
1156 1885 1176 1944 l.
1193 1905 1218 1943 c.
1241 1906 1269 1963 p.
1290 1885 1357 1944 156.
1383 1885 1441 1945 162
1465 1888 1563 1946 allati.

430 1990 569 2065 Denique
592 1999 621 2048 et
641 1989 797 2047 Massiliae
819 1986 1001 2063 (Grotelend
1023 1988 1043 2044 l.
1059 2007 1084 2045 c.
1107 2008 1136 2064 p.
1156 1987 1228 2062 119)
1251 1997 1281 2047 61
1303 1989 1333 2046 11
1356 1990 1499 2048 universa
1520 1999 1604 2066 parte
1622 1992 1664 2048 iu·

347 2093 422 2170 perii
446 2090 563 2151 Graeca
589 2091 682 2149 tribus
706 2089 835 2163 Quirina
861 2090 902 2148 ita
923 2090 1101 2160 dominatur,
1129 2099 1160 2148 ut
1186 2091 1236 2166 qui
1263 2109 1302 2149 ex
1327 2091 1365 2149 iis
1388 2093 1526 2166 partibus
1550 2093 1587 2151 ad
1607 2093 1665 2150 ciri·

346 2205 438 2255 tatem
470 2194 638 2252 Romanam
671 2193 818 2269 singulari
851 2193 915 2250 iure
949 2192 1138 2268 perveniunt,
1172 2192 1199 2249 61
1235 2192 1425 2269 potissimum
1460 2195 1663 2252 adscribantur.

348 2297 461 2357 Contra
487 2296 624 2355 coloniae
651 2296 761 2354 civium
784 2294 987 2353 Romanorum
1010 2303 1040 2352 61
1061 2295 1147 2370 61666
1168 2293 1228 2352 6116
1249 2294 1362 2370 oppida
1383 2295 1526 2355 universa
1548 2296 1664 2356 6116111-

347 2410 437 2459 tatem
465 2399 598 2457 admissa
625 2398 827 2469 inveniuntur,
854 2399 885 2456 in
912 2397 980 2455 aliia
1006 2397 1067 2455 1616
1095 2397 1231 2455 tribubus
1258 2397 1464 2456 censebantur.
1513 2397 1610 2471 Quam
1632 2398 1663 2455 ob

347 2522 409 2561 rem
431 2503 482 2560 lex
505 2501 633 2559 16116666
655 2499 703 2558 his
724 2499 888 2575 provinciis
911 2499 981 2558 data
1010 2498 1182 2557 estsimilis
1204 2500 1241 2569 ei,
1264 2517 1353 2575 quarn
1375 2501 1406 2558 in
1429 2499 1582 2576 Hispania
1601 2500 1663 2558 obti-

347 2605 448 2664 nuisse
474 2603 614 2674 vidimus,
641 2612 673 2660 ut
698 2602 877 2678 quicumque
899 2601 940 2659 ibi
967 2601 1119 2677 personali
1146 2601 1304 2680 privilegio
1332 2601 1485 2662 6111161611
1510 2602 1663 2661 Romanam

346 2707 473 2784 adeptus
496 2715 586 2776 esset,
607 2705 639 2763 in
662 2702 820 2777 Quirinam
842 2703 1015 2776 referretur3
1038 2704 1120 2780 quod
1142 2704 1167 2761 si
1189 2703 1232 2760 ita
1253 2713 1307 2774 est,
1337 2704 1402 2762 eius
1424 2704 1503 2782 legis
1526 2715 1662 2764 auctorem

346 2829 405 2868 non
428 2810 493 2868 6166
515 2825 606 2866 causa
627 2807 809 2866 oonioiemus
837 2805 934 2864 luisse
957 2804 1176 2881 Vespasianum
1198 2805 1246 2863 vel
1276 2805 1403 2864 alterum
1425 2815 1526 2865 utrum
1549 2808 1663 2866 11116111

346 2912 421 2970 6116.
465 2909 571 2986 Neque
592 2919 692 2976 tamen
714 2909 788 2967 haec
810 2909 957 2966 contendo
980 2909 1023 2966 ita
1043 2907 1148 2978 fuisse,
1171 2907 1224 2966 sed
1246 2926 1317 2965 num
1340 2908 1382 2966 ita
1404 2908 1538 2968 16116666
1558 2909 1663 2978 fuerint

346 3033 458 3090 quaero
487 3012 525 3070 ab
555 3013 601 3082 iis,
635 3011 746 3088 quibus
774 3018 907 3070 6616661
932 3010 1024 3069 otium
1053 3009 1198 3068 eiusmodi
1226 3009 1393 3069 studiorum
1421 3013 1663 3089 opportunitatem

347 3116 585 3176 subministrant.

431 3217 505 3276 Dixi
527 3217 564 3275 de
585 3215 816 3294 imperatoribus
838 3215 924 3274 Iuliis
948 3213 1082 3275 Claudiis
1106 3214 1235 3285 Flaviis3
1259 3225 1396 3291 superest
1417 3225 1450 3274 ut
1472 3216 1663 3294 dispiciamus,

346 3341 416 3381 uum
440 3321 636 3396 imperatores
659 3319 765 3378 domus
788 3319 862 3390 eius,
884 3319 968 3377 cuius
992 3316 1095 3378 Nerva
1115 3318 1254 3394 princeps
1277 3327 1333 3389 est,
1360 3337 1464 3378 omues
1488 3320 1664 3379 substiterint

346 3424 377 3482 iu
399 3421 531 3482 eiusdem
554 3421 633 3480 tribu
653 3420 786 3498 Papiria.
831 3421 903 3496 Ipse
925 3419 1028 3478 Nerva
1054 3439 1125 3478 saue
1152 3419 1239 3478 aliam
1267 3420 1379 3478 nullam
1401 3421 1518 3494 habuit,
1548 3422 1665 3482 credide·

345 3525 460 3601 rimque
491 3530 650 3600 propterea
682 3527 800 3581 unicam
830 3523 977 3580 coloniam
1007 3523 1044 3580 ab
1072 3540 1109 3581 6ο
1135 3522 1328 3593 nominatam,
1360 3542 1467 3601 nempe
1493 3523 1664 3584 Nervianam

345 3628 515 3705 Augustam
537 3625 706 3684 Martialem
735 3633 943 3684 veteranorum
966 3621 1152 3685 Sitifensium
1178 3626 1209 3682 11
1231 3624 1428 3698 Mauretania,
1458 3626 1488 3683 in
1517 3628 1596 3686 tribu
1617 3627 1664 3684 Pa·

345 3731 423 3807 piria
444 3729 544 3805 potius
567 3728 662 3787 fuisse
677 3747 766 3804 quam
789 3727 819 3784 in
835 3727 985 3800 Arniensi,
1008 3745 1074 3785 cum
1095 3728 1252 3802 utriusque
1274 3727 1369 3786 tribus
1393 3728 1473 3786 tituli
1496 3747 1592 3805 aequo
1613 3729 1663 3786 iere

345 3849 467 3890 numero
493 3849 532 3888 ex
559 3829 714 3907 parietinis
738 3828 930 3890 Sitifensibus
957 3829 1121 3904 prodierint
1148 3829 1189 3904 (v.
1212 3827 1377 3888 Grotefend
1404 3830 1424 3887 l.
1441 3849 1466 3888 c.
1488 3851 1519 3908 p.
1539 3831 1617 3906 163).
1632 3862 1663 3873 -

346 3934 388 3991 At
410 3932 520 4008 posteri
543 3932 607 3990 eius
630 3950 811 4007 quamquam
837 3932 899 3990 iure
922 3949 1025 3990 omues
1048 3932 1078 3990 11
1101 3931 1224 4008 Papiria
1246 3941 1339 4002 erant,
1366 3951 1433 3990 cum
1458 3951 1563 3993 omnes
1585 3933 1664 4009 adop·

345 4035 434 4093 tionis
457 4036 520 4093 iure
543 4035 596 4092 lilii
618 4034 715 4092 locum
738 4034 837 4111 adepti
864 4043 973 4106 essent,
1000 4033 1112 4110 pariter
1133 4041 1222 4109 atque
1244 4035 1401 4110 Augustos
1423 4043 1455 4093 et
1481 4034 1595 4094 Fabiae
1618 4036 1664 4092 tuit

345 4145 375 4194 et
402 4134 552 4212 Scaptiae,
581 4145 699 4212 praeter
725 4137 888 4212 legitimam
914 4137 997 4194 illam
1026 4136 1108 4206 item,
1135 4136 1161 4193 si
1189 4135 1281 4194 verbo
1310 4136 1398 4194 venia
1426 4145 1482 4207 est,
1511 4137 1663 4196 naturalem

345 4238 504 4310 habebant,
531 4247 561 4296 61
588 4247 620 4296 61
648 4258 667 4296 6
695 4240 814 4296 nomine
843 4237 962 4297 Cocceii
989 4238 1204 4310 abstinuerunt,
1233 4238 1285 4298 sed
1312 4238 1462 4297 Traianus
1492 4237 1613 4316 Ulpium
1637 4256 1664 4296 se

345 4357 414 4399 6666
440 4341 543 4412 noluit,
569 4339 744 4399 Hadrianus
773 4341 893 4399 Aelium
922 4348 952 4400 61
977 4342 1020 4399 616
1046 4340 1198 4418 deinceps,
1226 4340 1269 4398 ita
1295 4340 1358 4398 lieri
1380 4349 1490 4417 potest,
1514 4349 1548 4400 ut
1568 4344 1598 4400 iu
1617 4341 1665 4398 bac

345 4441 571 4501 honoriticentia
603 4443 710 4501 tribum
743 4461 863 4519 quoque
896 4443 1062 4502 naturalem
1096 4461 1150 4518 pro
1184 4442 1318 4520 legitima
1350 4445 1534 4520 usurparint
1578 4443 1616 4501 Et
1638 4461 1664 4500 16

345 4563 416 4602 vera
442 4562 510 4603 oum
537 4544 701 4604 Traianum
727 4547 945 4621 reppererimus
972 4545 1038 4605 sola
1064 4545 1189 4622 Papiria
1214 4562 1300 4603 usum
1330 4561 1406 4616 esse,
1437 4544 1612 4605 Hadrianus
1634 4562 1665 4602 66

345 4647 460 4706 omissa
482 4647 571 4704 aliam
599 4657 716 4706 secutos
739 4657 785 4704 est
809 4647 976 4706 naturalem
999 4657 1028 4705 et
1051 4647 1159 4706 sibiet
1184 4647 1242 4724 ipsi
1264 4647 1396 4705 Traiano
1418 4655 1523 4726 utpote
1544 4646 1665 4707 oriundis

268 4791 269 4796 1
345 4767 384 4808 ex
398 4748 504 4807 Italica
518 4748 659 4807 Baeticae
687 4749 840 4825 adscripta
861 4751 950 4808 tribui
967 4747 1089 4826 Sergiae
1107 4748 1288 4826 (Grotelend
1310 4749 1328 4806 l.
1345 4768 1369 4808 c.
1393 4769 1421 4825 p.
1442 4751 1526 4826 110).
1570 4750 1665 4826 Neque

345 4852 423 4910 enim
456 4868 528 4910 casu
564 4852 676 4924 evenit,
714 4853 794 4927 quod
832 4853 862 4909 in
900 4871 936 4910 ea
969 4853 1164 4910 censebantur
1200 4860 1261 4908 1611
1298 4851 1418 4909 6616116
1451 4852 1544 4912 Α6116
1574 4853 1666 4911 Mursa

346 4954 419 5029 (vol.
439 4954 486 5012 III
511 4974 540 5031 p.
557 4951 632 5028 423)
660 4971 749 5030 quam
778 4954 972 5029 municipium
999 4953 1117 5012 Aelium
1148 4951 1333 5012 Carnuntum
1366 4953 1441 5028 (vol.
1458 4954 1508 5012 111
1535 4974 1564 5030 p.
1585 4951 1665 5026 550);

345 5055 453 5132 quibus
485 5055 617 5114 16116666
651 5055 720 5114 addi
752 5055 862 5130 poterit
899 5053 1056 5132 Nicopolis
1092 5055 1130 5114 ad
1166 5056 1290 5128 Istrum,
1329 5075 1419 5132 quam
1455 5055 1554 5115 eidem
1585 5053 1666 5114 tribui

346 5155 525 5234 adscriptam
551 5157 646 5216 fuisse
673 5158 732 5215 iam
759 5163 877 5216 constat
903 5157 976 5233 (vol.
993 5159 1040 5216 Ill
1067 5178 1095 5215 1.
1113 5159 1194 5217 6144
1222 5159 1257 5216 61.
1287 5157 1346 5216 161.
1368 5157 1430 5215 VII
1456 5178 1485 5216 1.
1503 5159 1559 5235 51)
1581 5173 1668 5234 16666

345 5258 541 5335 improbabile
564 5267 611 5316 661
632 5258 798 5317 ordinatam
820 5276 888 5318 esse
909 5261 946 5319 ab
968 5259 1133 5319 Hadriano.
