3516 5828
377 535 447 606 166
961 547 1109 608 unauna

369 729 523 804 exportari
549 727 667 786 solitum
696 747 773 788 esse.
817 731 916 805 Atque
944 737 1064 806 propter
1092 729 1213 790 metalla
1239 739 1273 788 ut
1298 728 1407 788 multas
1433 729 1508 787 alias
1532 726 1705 800 Hispaniae

358 831 507 907 'regiones
530 831 572 888 ita
593 829 677 888 illam
698 850 815 908 quoquc
837 851 928 908 quarn
949 832 1013 890 dixi
1035 833 1199 908 antiquitus
1222 831 1331 890 cultam
1355 831 1446 890 videri
1469 831 1499 890 id
1522 831 1625 908 ipsum
1650 827 1702 884 de

369 941 416 990 cet
438 950 546 990 novum
568 943 727 1008 repertum,
750 935 787 992 de
809 934 948 1010 quoiam
971 945 1092 994 acturus
1115 953 1190 994 sum.

452 1033 532 1092 Vere
554 1036 632 1093 enim
654 1035 723 1093 anni
738 1033 1019 1095 MDCCCLXXVI
1036 1037 1065 1094 in
1089 1037 1262 1096 aerifodinis
1278 1039 1414 1108 vetustis,
1437 1037 1504 1096 sitis
1527 1036 1591 1094 illis
1608 1051 1705 1111 prope

371 1136 511 1210 Aljaatrel
537 1137 634 1196 vicum
661 1157 748 1214 quem
775 1138 854 1208 dixi,
888 1157 964 1214 quae
992 1158 1087 1215 nuper
1113 1140 1231 1197 demum
1259 1159 1277 1196 a
1305 1141 1446 1198 societate
1479 1139 1705 1214 negotiatorum

372 1239 492 1315 (nomen
520 1240 546 1296 ei
570 1248 617 1298 est
639 1240 670 1296 la
691 1244 855 1316 campagnia
876 1242 910 1299 de
929 1243 1095 1300 vulneratiae
1118 1241 1316 1318 traastcpane)
1343 1243 1440 1301 denuo
1463 1241 1552 1299 effodi
1577 1249 1704 1313 coeptae

372 1350 451 1414 sunt,
473 1350 592 1418 reperta
613 1351 659 1400 est
680 1343 784 1400 tabula
805 1362 898 1401 aenea
919 1343 981 1401 alta
1001 1343 1082 1414 att,
1104 1343 1166 1402 lata
1181 1344 1262 1416 0.53‚
1285 1363 1387 1403 crassa
1401 1345 1472 1402 0.08
1495 1344 1532 1400 ad
1548 1341 1645 1400 0.013
1665 1359 1703 1396 m.

371 1445 521 1502 Accurata
542 1445 579 1502 de
600 1446 768 1502 inventione
789 1445 895 1504 relatio
918 1445 1121 1518 desideratum
1145 1467 1214 1505 num
1237 1465 1307 1523 spes
1330 1447 1461 1522 supersit
1483 1446 1571 1522 plura
1594 1444 1704 1502 eodem

370 1545 436 1604 loco
464 1546 620 1622 detegendi
648 1548 768 1623 aliaque
796 1548 871 1606 scitu
899 1567 957 1606 non
985 1548 1110 1624 indigna
1138 1549 1263 1607 velimus
1298 1549 1450 1606 nobiscum
1474 1545 1704 1606 communicari.

370 1648 490 1707 Tabula
524 1651 639 1725 integra
680 1659 726 1707 est
762 1667 890 1725 superne
925 1659 955 1708 et
990 1651 1084 1723 infra,
1122 1651 1192 1710 item
1225 1671 1244 1709 a
1274 1651 1366 1710 latere
1398 1651 1497 1720 laev03
1535 1670 1554 1707 a
1592 1649 1703 1705 dextro

371 1771 477 1810 manca
502 1759 548 1810 est
573 1753 624 1821 ita,
656 1760 689 1811 ut
715 1753 890 1829 scripturae,
923 1771 1012 1829 quam
1039 1753 1180 1825 continet,
1213 1753 1291 1832 desit
1318 1755 1420 1812 clavus
1448 1761 1596 1828 angustus
1623 1751 1704 1807 latus

370 1855 485 1913 circiter
507 1854 578 1913 0.15
601 1874 640 1912 m.
684 1854 759 1912 Eius
785 1855 847 1914 fere
873 1875 939 1914 eum
968 1855 1059 1914 fuisse
1086 1874 1242 1914 mensurae
1268 1865 1350 1914 certa
1376 1855 1608 1914 ratiocinatione
1638 1853 1703 1910 elfi-

370 1957 454 2014 citur.
498 1957 577 2015 Miro
600 1957 677 2014 enim
701 1975 773 2016 casu
795 1957 913 2028 accidit,
937 1967 969 2015 ut
991 1958 1093 2016 tabula
1114 1979 1133 2016 a
1154 1959 1269 2035 postica
1295 1977 1414 2034 quoque
1441 1967 1525 2033 parte
1553 1956 1704 2032 inscripta

370 2059 410 2116 sit
436 2059 546 2118 eisdem
574 2077 668 2134 paene
695 2060 795 2118 verbis
818 2059 924 2136 quibus
952 2060 1058 2127 antica,
1082 2061 1135 2118 scd
1158 2061 1292 2118 versibus
1315 2060 1428 2118 ratione
1449 2060 1552 2137 paullo
1580 2059 1705 2116 diversa

369 2161 533 2238 dispositis.
578 2161 739 2219 Praeterea
764 2180 835 2238 pars
862 2161 961 2220 antica
985 2163 1071 2221 initio
1098 2163 1235 2221 undecim
1262 2179 1367 2220 versus
1396 2163 1464 2236 plus
1491 2162 1583 2220 habet
1609 2179 1703 2236 quam

369 2264 496 2338 postica,
522 2263 639 2339 postica
666 2283 736 2321 vero
762 2265 792 2322 in
815 2263 872 2322 fine
895 2265 964 2342 plus
991 2275 1104 2341 septem
1125 2283 1214 2340 quam
1236 2265 1342 2322 antica.
1388 2263 1461 2321 lliat
1482 2272 1584 2321 autern
1607 2263 1705 2338 posti·

369 2385 421 2424 eae
448 2366 620 2442 exemplum
647 2366 763 2424 lacunis
792 2366 996 2444 compluribus
1024 2369 1183 2443 insuntque
1212 2369 1239 2425 ei
1266 2368 1339 2424 vitia
1367 2367 1511 2425 nonnulla
1538 2366 1706 2424 scribendi.

369 2466 510 2526 Lacunae
533 2468 654 2528 suntin
677 2487 723 2526 vv.
747 2469 882 2544 posticae
900 2470 912 2525 l
933 2469 1166 2540 791011223
1194 2479 1349 2546 praeterea
1375 2469 1492 2545 sculpta
1520 2481 1593 2526 sunt
1614 2489 1644 2525 v.
1665 2468 1704 2524 lli

369 2587 439 2646 cape
462 2589 517 2646 pro
538 2588 641 2646 capere
662 2571 788 2643 anticas,
811 2591 838 2629 v.
862 2569 901 2628 20
920 2591 967 2648 pr.
985 2571 1023 2628 lca
1046 2589 1100 2646 pro
1119 2591 1166 2647 pr.
1189 2572 1208 2628 lc
1229 2590 1330 2630 errore
1351 2589 1424 2630 sane
1447 2571 1584 2647 proclivi,
1608 2592 1638 2628 r.
1664 2570 1703 2627 23

369 2673 461 2748 officie
488 2691 543 2748 pro
566 2674 666 2748 officia,
694 2693 720 2731 v.
738 2674 778 2731 40
800 2678 942 2732 curaverit
964 2693 1017 2749 pro
1040 2677 1210 2732 curaverint.
1255 2674 1370 2732 Deinde
1391 2674 1524 2751 posticae
1546 2675 1705 2749 scriptura

367 2774 398 2832 in
421 2775 663 2850 compendiorum
687 2793 742 2833 usu
764 2775 893 2851 aliisque
915 2777 1094 2851 quibusdam
1121 2777 1254 2835 minutiis
1282 2778 1320 2835 ab
1346 2777 1460 2835 anticae
1483 2777 1596 2846 differt,
1625 2795 1706 2852 quae

369 2877 447 2936 insra
478 2878 706 2936 adnotabuntur.
761 2880 898 2955 Apparet
932 2879 1025 2955 igitur
1056 2879 1281 2956 quadratarium
1318 2879 1444 2938 fortasse
1480 2879 1704 2956 provincialem

368 2981 501 3038 libellum
523 2981 677 3058 scriptum,
700 2998 786 3057 quem
808 2981 973 3058 sculpendo
989 2999 1191 3057 expressurus
1207 2989 1279 3051 crat,
1303 3001 1362 3040 non
1377 2982 1486 3059 ubique
1509 2981 1705 3039 intellexisse

368 3093 398 3141 et
423 3093 583 3160 propterea
604 3084 681 3142 inter
703 3082 897 3158 sculpendum
921 3101 1043 3160 pessum
1066 3084 1194 3142 dedisse.
1237 3083 1286 3143 Ne
1307 3105 1378 3142 vcro
1400 3085 1538 3162 perderet
1564 3102 1619 3142 aes
1643 3086 1705 3142 iam

368 3185 548 3263 laevigatum
582 3193 611 3243 et
642 3185 672 3242 in
706 3194 817 3243 certam
850 3186 976 3244 sormam
1009 3187 1217 3246 circumcisum
1251 3188 1339 3245 vertit
1370 3186 1501 3245 tabulam
1537 3193 1706 3262 textusque

368 3294 483 3364 partem
511 3288 541 3344 in
570 3305 677 3345 aversa
706 3287 783 3346 male
814 3289 995 3366 insculptam
1026 3289 1164 3364 repetivit
1196 3289 1298 3347 libello
1330 3289 1448 3346 interim
1480 3287 1590 3346 melius
1625 3289 1706 3346 lecto

368 3401 457 3465 atque
492 3388 653 3448 intellecto.
712 3387 788 3449 Cum
824 3409 900 3466 quae
936 3391 967 3447 in
1004 3391 1122 3466 postica
1153 3399 1238 3468 parte
1271 3391 1383 3467 scripta
1418 3399 1487 3448 sunt
1518 3409 1581 3448 non
1615 3411 1706 3468 pror·

368 3509 421 3549 sus
448 3490 648 3568 respondeant
674 3491 718 3550 eis
745 3510 822 3567 quae
849 3493 949 3550 antica
975 3493 1073 3561 habet,
1102 3503 1226 3570 apparet
1253 3493 1468 3551 restitutionem
1497 3510 1550 3568 per
1580 3494 1705 3553 tabulas

368 3594 531 3670 paginasve
562 3594 662 3672 plures
688 3595 881 3671 pertinuisse.
925 3595 971 3652 lta
996 3594 1088 3672 igitur
1116 3595 1222 3653 accidit
1249 3603 1280 3652 ut
1308 3614 1385 3670 quae
1412 3595 1520 3652 desunt
1544 3613 1565 3651 a
1592 3595 1704 3655 dextro

366 3696 460 3754 latere
490 3714 629 3755 versuum
662 3697 848 3773 singulorum
877 3697 1042 3772 particulae
1075 3697 1207 3774 suppleri
1241 3697 1357 3772 possint
1390 3713 1497 3772 magna
1529 3716 1569 3754 ex
1604 3709 1701 3774 parte.

366 3797 504 3857 Duorum
527 3817 665 3858 versuum
693 3799 756 3874 (15.
783 3799 834 3873 16)
862 3818 898 3856 ne
924 3818 984 3856 una
1011 3799 1128 3875 quidem
1158 3799 1259 3856 littera
1285 3799 1386 3875 periit;
1414 3798 1541 3856 aliorum
1570 3799 1701 3858 duorum
1748 3790 1749 3793 ¹

368 3899 432 3976 (17.
450 3900 503 3975 31)
527 3901 586 3960 duo
607 3909 721 3960 tanturn
744 3911 852 3960 tresve.
896 3901 932 3958 In
956 3901 1093 3959 versibus
1116 3900 1177 3958 illis
1199 3901 1287 3977 plene
1309 3901 1435 3959 servatis
1458 3900 1560 3959 insunt
1582 3901 1700 3960 litterae

367 4001 471 4078 viginti
494 4019 549 4060 sex
572 4002 609 4060 ad
631 4003 754 4080 triginta
775 4011 804 4059 et
826 4022 928 4075 unam;
955 4002 1136 4079 reliquorum
1164 4002 1255 4078 igitur
1282 4002 1514 4079 supplendorum
1538 4023 1608 4061 eum
1630 4003 1699 4062 inde

367 4105 567 4162 nanciscimur
593 4105 723 4174 modum,
750 4113 783 4162 ut
808 4105 888 4163 iutra
916 4105 1040 4181 triginta
1065 4105 1132 4179 plus
1159 4105 1257 4162 minus
1280 4105 1396 4163 litteras
1419 4104 1630 4181 supplementa
1652 4125 1700 4164 ne-

368 4207 500 4264 cessario
535 4224 568 4264 se
600 4207 752 4265 continere
784 4206 921 4265 debeant.
965 4207 1114 4265 Incertum
1147 4226 1217 4265 vero
1250 4216 1310 4278 est,
1342 4225 1411 4264 num
1446 4225 1482 4264 ea
1515 4207 1584 4265 sola
1611 4225 1700 4283 quam

368 4306 431 4364 dixi
459 4308 624 4383 scripturae
650 4308 796 4385 particula
822 4309 852 4367 in
879 4309 998 4368 tabulae
1023 4308 1154 4366 fractura
1175 4309 1309 4386 perierit3
1339 4316 1456 4384 poterat
1477 4308 1556 4367 enim
1579 4309 1634 4367 illa
1656 4311 1700 4368 in·
1728 4299 1729 4302 ¹

369 4408 480 4485 scripte
500 4427 568 4469 esse
590 4411 709 4488 paginis
732 4411 917 4469 columnisre
938 4411 1261 4486 duabuspluribnsve,
1284 4411 1364 4486 quod
1385 4411 1496 4468 factum
1513 4410 1652 4470 videmus
1670 4412 1699 4468 in

369 4511 572 4570 instrumentis
599 4531 637 4570 ex
660 4512 828 4589 Hispaniae
856 4514 921 4571 solo
948 4513 1041 4572 erutis
1068 4513 1201 4589 reliquis,
1228 4513 1258 4570 in
1288 4511 1399 4571 tabulis
1427 4512 1611 4570 Malaeiteua
1635 4511 1699 4572 Sal·
1730 4542 1732 4545 ·

368 4631 504 4690 persana
519 4611 752 4674 Ursonensibus.
780 4615 886 4692 Itaque
901 4617 928 4673 is
943 4634 1031 4692 quem
1046 4634 1085 4673 ex
1101 4617 1249 4691 scriptura
1262 4620 1356 4692 partis
1372 4615 1489 4672 anticae
1504 4616 1701 4690 posticaeque

369 4716 530 4774 coniuncta
556 4717 756 4776 nanciscimur
783 4725 884 4776 textus
911 4737 1051 4776 versuum
1078 4718 1238 4793 sexaginta
1264 4717 1327 4774 fieri
1354 4725 1453 4792 potest
1479 4725 1512 4774 ut
1544 4735 1583 4774 ne
1611 4718 1700 4776 unius

368 4819 488 4894 quidem
511 4819 631 4878 tabulae
652 4820 768 4898 integer
789 4820 836 4878 sit.
879 4820 1005 4879 Accedit
1030 4821 1109 4896 quod
1134 4821 1164 4878 in
1187 4827 1270 4896 parte
1299 4819 1398 4877 antica
1418 4819 1479 4877 ima
1501 4837 1520 4876 a
1540 4818 1632 4876 laeva
1655 4821 1701 4877 iu·
1741 4866 1742 4875 2

369 4920 502 4998 sculptus
528 4930 575 4980 est
606 4941 748 4981 numerus
774 4922 829 4980 III.
873 4921 1009 4980 Tabulae
1041 4922 1133 4998 igitur
1157 4922 1173 4979 I
1199 4929 1229 4980 et
1256 4921 1287 4978 ll
1320 4921 1473 4978 minimum
1507 4921 1703 4991 interieruut3
1739 4981 1742 4986 ,

368 5043 439 5082 num
465 5033 535 5099 post
560 5024 676 5082 tertiam
706 5025 737 5083 in
759 5023 820 5081 alia
845 5023 951 5083 aliisve
973 5033 1127 5102 praeterea
1150 5023 1300 5099 scriptura
1320 5022 1493 5080 continuata
1514 5022 1609 5081 fuerit
1630 5023 1702 5082 seiri
1747 5070 1748 5073 ,

369 5124 480 5200 nequit.
524 5124 686 5185 Foramina
713 5126 846 5185 clavibus
871 5127 998 5203 ligandis
1025 5127 1173 5185 destinata
1200 5125 1231 5183 in
1263 5125 1448 5203 marginibus
1481 5125 1638 5201 superiore
1672 5135 1702 5182 et

368 5225 520 5299 inferiore,
541 5226 612 5286 item
634 5229 664 5286 in
687 5229 818 5302 sinistro,
841 5229 962 5306 singula
976 5235 1145 5306 supersunt,
1168 5229 1212 5286 ita
1226 5236 1325 5286 tamen
1341 5227 1498 5304 disposita,
1523 5237 1556 5286 ut
1577 5227 1656 5285 inlra
1671 5235 1701 5283 et
1752 5246 1755 5259 1
