3488 5828
345 556 418 627 240
937 577 1082 629 1511515

429 751 467 808 Α.
486 748 575 808 1499.
599 749 653 825 (ib.
669 769 698 826 p.
717 750 789 826 174)
811 751 928 809 locatur
949 745 1174 809 'marmorarius’
1197 769 1268 809 caco
1290 751 1324 808 ds
1339 749 1448 809 Sancto
1468 748 1579 808 Cosmo
1602 748 1690 808 eDn·

346 853 440 912 miano
463 853 504 909 ad
524 862 565 910 tre
588 853 711 910 colunne.

431 951 576 1014 Similiter
598 954 711 1014 eisdem
734 955 820 1014 annis
844 955 981 1014 locantur
1004 965 1090 1014 extra
1112 956 1209 1015 iorum
1232 956 1341 1015 rudera
1361 957 1399 1014 ad
1424 953 1455 1016 S.
1482 955 1616 1013 Mariam
1638 972 1686 1012 no-

345 1075 412 1114 vam
436 1055 542 1130 (1450.
568 1056 663 1115 1499:
691 1058 793 1115 Miintz
816 1079 844 1135 p.
864 1058 931 1116 170.
958 1059 1041 1134 174),
1071 1059 1214 1117 Aventini
1241 1059 1323 1135 regio
1346 1058 1447 1116 nescio
1471 1075 1554 1133 quae
1579 1057 1684 1131 (14541

345 1157 385 1214 ib.
409 1177 438 1232 p.
457 1158 533 1234 171)
557 1159 788 1236 concediturque
809 1159 941 1219 effodere
963 1179 1108 1218 utonncra
1124 1171 1150 1219 et
1165 1163 1277 1236 lapides
1293 1161 1442 1220 tiburtinos
1459 1159 1501 1217 ad
1519 1156 1550 1218 S.
1569 1158 1684 1218 Nicolai

346 1259 376 1316 in
401 1257 530 1320 Cernere
552 1260 663 1336 (15061
687 1263 772 1320 Ζ5115
794 1281 823 1337 p.
842 1262 925 1338 191).

430 1361 590 1422 Praeterea
612 1363 763 1424 sciendum
779 1364 1041 1423 Bartholomaeum
1059 1363 1219 1425 Suardium
1243 1371 1294 1442 qui
1315 1366 1405 1442 vulgo
1428 1364 1542 1423 dicitur
1564 1359 1684 1421 ’11815-

346 1460 501 1538 mantino’,
531 1467 582 1542 qui
605 1467 718 1526 Romae
741 1467 860 1543 degisse
889 1466 1006 1526 videtur
1032 1488 1078 1526 aa.
1104 1468 1181 1526 1499
1205 1477 1233 1526 51
1258 1468 1335 1526 15151
1359 1467 1437 1527 1503
1461 1477 1494 1526 51
1521 1465 1615 1538 1513,
1638 1465 1682 1523 de·

344 1565 425 1624 disse
447 1569 692 1646 orthographiam
722 1569 850 1628 aedificii
878 1570 994 1646 antiqui
1022 1571 1102 1647 quod
1128 1570 1218 1628 155111
1243 1589 1263 1627 5
1286 1569 1430 1644 Marsonia
1452 1570 1616 1645 dirinpstto
1636 1568 1681 1626 511

345 1669 442 1741 orcbo,
468 1670 524 1728 hoc
547 1680 603 1744 est,
621 1672 687 1730 'nisi
710 1672 801 1730 fallor
828 1691 921 1750 prope
943 1692 1044 1730 arcum
1072 1670 1176 1732 Severi
1198 1671 1242 1748 (v.
1264 1671 1309 1730 Le
1329 1672 1434 1730 151155
1457 1672 1489 1730 di
1512 1673 1617 1731 Roma

344 1771 424 1831 studi
451 1772 499 1830 del
526 1772 723 1833 Bramantino
751 1785 771 1832 t.
794 1774 948 1850 XXXV):
987 1775 1064 1832 idem
1098 1774 1265 1833 aedificium
1299 1774 1512 1834 Labacconem
1544 1795 1575 1832 a.
1609 1773 1679 1833 1557

344 1874 526 1934 delineatum
548 1877 679 1936 edidisse
701 1878 840 1952 ascriptis
856 1877 903 1935 his
926 1875 988 1934 dou’
1011 1880 1024 1933 b
1046 1877 1077 1934 ol
1096 1887 1224 1952 presente
1239 1877 1269 1935 la
1292 1878 1387 1936 abisso
1402 1879 1433 1935 di
1454 1879 1531 1936 sont’
1551 1876 1680 1934 Adriano

345 1980 425 2052 quivi
447 1979 485 2036 da
506 1999 573 2038 nean
594 1983 714 2038 sinistro
736 1979 840 2038 verso'l
865 1984 965 2055 tempto
993 1983 1094 2055 ternpio
1116 1979 1143 2036 d
1149 1979 1290 2038 Antonino
1319 1990 1345 2037 et
1364 1979 1513 2038 Faustino
1535 1981 1629 2038 v’ern
1648 1998 1679 2035 un

345 2079 448 2153 edifitio
474 2084 506 2138 in
524 2083 625 2156 sorno
652 2084 768 2157 quadra
797 2091 865 2140 cett.
894 2081 1025 2157 (Archit.
1047 2081 1099 2140 151.
1120 2081 1170 2156 17)
1204 2082 1276 2139 51151
1307 2082 1475 2140 monstravi
1505 2081 1678 2156 (151115515-

344 2181 422 2239 115111
457 2181 535 2240 1875
569 2203 599 2260 p.
620 2183 705 2260 762).
760 2183 920 2244 Suardium
954 2193 1073 2243 constat
1106 2203 1227 2243 snorum
1261 2192 1375 2261 partem
1407 2184 1519 2242 debere
1554 2184 1678 2242 aliorum

344 2283 491 2342 artificum
524 2286 731 2362 pugillaribus,
764 2287 835 2345 item
869 2299 996 2363 apparet
1022 2287 1229 2345 Labacconem
1263 2286 1430 2346 aedilicium
1464 2305 1527 2343 non
1562 2286 1677 2344 vidisse.

344 2385 388 2442 ita
426 2387 596 2464 explicatur
635 2389 871 2448 testimoniorum
913 2391 949 2447 de
988 2389 1054 2447 loco
1092 2390 1260 2448 dissensus.
1305 2390 1357 2448 sed
1395 2389 1579 2448 crediderim
1618 2388 1679 2445 iude

345 2488 535 2548 efficiendum
569 2509 635 2550 esse
667 2509 725 2550 non
759 2493 866 2568 procul
895 2489 925 2552 S.
956 2490 1102 2549 Hadriani
1126 2491 1279 2568 'templum
1311 2491 1363 2549 illa
1395 2492 1510 2549 rudera
1542 2491 1677 2550 extitisse

345 2601 480 2650 extremo
503 2613 527 2652 s.
549 2594 609 2652 XV
631 2613 728 2671 eaque
752 2593 800 2670 (nt
822 2593 989 2670 significavi
1011 2593 1032 2650 l.
1055 2593 1095 2668 5.)
1125 2611 1144 2650 5
1166 2590 1295 2652 Suardio
1317 2593 1419 2652 eiusce
1442 2601 1571 2652 anctore
1595 2591 1678 2650 artili-

345 2695 426 2752 ciose
448 2697 586 2755 restituta
608 2714 690 2756 esse:
728 2698 830 2772 itaque
852 2696 981 2754 forsitan
1003 2696 1115 2754 eisdem
1144 2695 1205 2753 illis
1229 2695 1522 2772 perscrutationibus
1552 2694 1678 2772 regionis

345 2797 479 2856 eiusdem
502 2800 621 2877 cognita
643 2800 704 2858 sint
726 2809 832 2875 estque
854 2799 1033 2874 sperandum
1057 2807 1091 2855 51
1112 2798 1274 2874 aliquando
1295 2798 1325 2856 in
1348 2797 1442 2855 lucem
1466 2799 1605 2856 redeant.

430 2899 557 2961 Constat
578 2902 669 2978 igitur
690 2901 871 2960 testimoniis
890 2900 1027 2978 plurimis
1051 2908 1119 2957 ante
1135 2899 1290 2958 ecclesiam
1308 2896 1339 2958 S.
1355 2898 1517 2972 Hadriani,
1541 2901 1679 2959 nimirum

345 3021 451 3062 151555
474 3023 576 3063 515515
593 3002 706 3078 Severi,
730 3013 850 3062 stante
873 3001 1031 3061 ecclesiam
1051 3000 1105 3062 SS.
1123 3000 1252 3060 Cosmae
1275 3011 1304 3060 et
1318 2999 1461 3060 Damiani
1485 3002 1594 3060 multis
1617 3009 1679 3060 ante

347 3103 477 3165 Smetios
499 3107 665 3166 Panvinios
687 3105 830 3184 Ligorios
853 3105 940 3163 annis
961 3104 1095 3164 fossores
1118 3103 1150 3162 in
1171 3105 1294 3180 antiqua
1318 3113 1513 3163 monumenta
1534 3106 1677 3174 saevisse,

346 3208 461 3284 aliquot
483 3218 582 3268 autern
607 3209 818 3286 inscriptiones
841 3227 879 3266 ex
906 3205 959 3264 illa
981 3213 1081 3284 strage
1108 3226 1162 3283 per
1186 3206 1289 3265 urbem
1312 3206 1467 3282 dispersas
1491 3207 1677 3266 curiosorum

344 3309 496 3369 hominum
518 3311 549 3368 in
570 3328 677 3370 515555
693 3310 793 3368 155115
815 3309 960 3388 potuisse.
1005 3308 1078 3384 quid
1100 3309 1192 3384 igitur
1207 3310 1314 3368 mirum
1336 3308 1362 3367 51
1384 3327 1439 3384 pro
1463 3308 1585 3386 ingenti
1607 3328 1677 3385 qnae

345 3411 497 3471 etiamtum
525 3413 568 3471 ibi
596 3413 719 3472 saeculo
749 3412 864 3471 decimo
892 3411 995 3487 quinto
1024 3409 1121 3468 medio
1150 3411 1304 3470 extiterint
1330 3409 1463 3487 lapidum
1493 3412 1587 3488 copia
1608 3428 1677 3468 nunc

343 3513 456 3572 misera
477 3521 591 3574 tantum
614 3515 801 3593 pauculaque
823 3512 950 3572 frustula
965 3511 1192 3570 remanserunt?
1215 3513 1266 3572 sed
1288 3512 1348 3570 iam
1362 3511 1524 3570 videndum
1551 3532 1594 3572 an
1616 3513 1675 3571 istis

345 3616 603 3676 eruderationibns
626 3617 703 3676 tituli
727 3617 842 3692 aliquot
864 3615 1027 3673 debeantur·
1048 3633 1085 3672 55
1106 3621 1282 3690 tempestate
1304 3612 1428 3672 inventi.

427 3720 507 3779 Ante
530 3739 575 3778 aa.
602 3718 692 3778 1484.
717 3719 807 3777 1495.
834 3717 923 3776 1497.
967 3716 998 3774 15
1020 3715 1139 3793 sylloge
1160 3717 1287 3775 Iucundi
1315 3716 1426 3792 priore,
1452 3716 1541 3775 cuins
1566 3725 1675 3794 partem

344 3839 410 3878 eam
438 3841 514 3898 qnae
541 3823 674 3881 continet
695 3821 826 3880 urbanas
859 3818 1070 3894 inscriptiones
1096 3838 1123 3878 a.
1154 3819 1233 3879 1484
1261 3818 1402 3896 scriptam
1435 3835 1506 3877 esse
1540 3818 1675 3894 probarit

344 3922 549 3983 Mommsenus
573 3921 641 3983 CIL
664 3924 724 3995 3,1
750 3943 779 3999 p.
796 3921 935 3992 XXVll,
962 3921 1021 3978 duo
1048 3921 1194 3979 fastorum
1218 3919 1420 3979 consularium
1443 3919 1619 3997 fragmenta
1638 3920 1675 3977 le-

265 4071 266 4074 .
344 4035 469 4100 guntur:
517 4028 544 4098 1,
568 4023 800 4100 (Henavllll)
828 4020 921 4098 ‘apud
950 4023 1052 4081 aedem
1077 4020 1106 4082 S.
1130 4023 1245 4082 Mariae
1267 4023 1298 4080 in
1320 4021 1490 4082 Publicolis
1513 4023 1546 4080 in
1567 4024 1674 4100 pariete

344 4126 450 4187 domus
472 4129 499 4186 d.
516 4127 660 4204 Prosperi
684 4128 720 4185 de
744 4124 773 4186 S.
792 4119 911 4183 Cruce’.
958 4123 986 4194 2,
1009 4123 1119 4197 (chz.
1135 4123 1293 4200 XXXIX)
1314 4119 1355 4182 ‘in
1378 4124 1495 4201 pariete
1517 4123 1628 4184 domus
1649 4123 1673 4180 d.

343 4229 470 4287 Antonii
492 4231 528 4288 de
547 4223 701 4288 Rusticis’.
746 4246 848 4286 eorum
871 4226 954 4302 prius
977 4227 1082 4284 eodem
1104 4225 1171 4284 loco
1193 4236 1297 4285 extare
1320 4232 1446 4284 testatur
1468 4227 1674 4294 Mazocclrins3

343 4329 509 4389 Psnvinius
536 4349 602 4389 cnm
630 4330 701 4388 dicit
731 4326 904 4405 ‘aliqnando
932 4345 986 4403 pro
1013 4327 1114 4386 limine
1142 4329 1212 4387 ostii
1239 4325 1334 4387 aedis’
1361 4328 1444 4386 illius
1472 4328 1585 4402 151555,
1613 4329 1673 4387 dein

342 4425 429 4489 ’1551
451 4449 536 4490 15515
552 4427 687 4490 affixum’
710 4449 786 4504 esse,
810 4438 914 4489 testem
939 4447 971 4488 55
994 4439 1129 4507 praestat
1150 4431 1181 4488 in
1197 4431 1252 4489 1155
1271 4448 1436 4507 quoquere
1451 4449 1563 4506 parum
1579 4431 1673 4490 lidum.

345 4533 481 4591 similiter
503 4535 613 4592 5115111
635 4533 671 4592 dc
693 4552 772 4592 5555
795 4533 941 4592 fastorum
969 4532 1158 4591 inventorum
1185 4531 1228 4608 (v.
1251 4550 1277 4589 a.
1305 4531 1408 4606 1546).
1453 4540 1602 4608 quattuor
1622 4531 1674 4590 alia

343 4634 511 4711 fragmenta
537 4637 608 4695 item
633 4636 772 4696 videntur
799 4645 868 4694 ante
894 4655 921 4692 a.
950 4632 1029 4692 1546
1053 4634 1119 4692 5515
1146 4642 1281 4692 extracta
1303 4651 1371 4693 esse
1393 4636 1419 4692 51
1441 4633 1568 4708 quidem
1592 4651 1673 4694 55551

345 4737 373 4808 3,
397 4736 470 4813 (IV)
499 4738 687 4798 aPanvinio
713 4735 756 4796 ‘in
782 4738 926 4817 gradibus
954 4754 1024 4794 5155
1050 4736 1200 4794 maximae
1227 4735 1291 4795 sive
1319 4736 1455 4794 tribunae
1478 4735 1627 4796 basilicae
1648 4733 1674 4794 S.

342 4834 453 4911 Pauli,
481 4840 564 4900 aliud
591 4843 625 4914 4,
648 4840 770 4917 (XVII)
803 4859 821 4898 a
847 4839 1021 4898 Mazocchio
1054 4834 1095 4893 ’15
1123 4839 1236 4913 pariete
1263 4839 1369 4896 domus
1397 4838 1426 4895 d.
1454 4836 1618 4898 Francissi
1644 4837 1675 4894 de

343 4937 454 5013 Fabii',
481 4942 608 5019 denique
634 4942 753 5002 tertium
776 4950 806 5000 et
826 4951 976 5018 quartum¹
993 4941 1021 4998 5.
1046 4941 1074 5012 6,
1098 4938 1268 5013 (XXXVII
1290 4939 1337 4998 tri.
1360 4938 1425 5014 Xl)
1452 4959 1472 4996 a
1496 4937 1615 5000 Smetio
1639 4936 1675 4997 ’15
1733 4955 1734 5032 ss

342 5041 431 5100 domo
453 5042 608 5120 Delphinii
636 5038 782 5102 Gentilis'
809 5043 875 5102 visa
901 5052 978 5102 sunt.
1022 5059 1099 5117 qnae
1128 5041 1295 5119 fragmenta
1324 5041 1425 5099 omnia
1451 5059 1547 5117 posse
1577 5043 1675 5102 multis
1733 5103 1734 5112 ¹

340 5153 408 5202 ante
430 5145 596 5204 Iucundum
618 5146 803 5222 temporibus
831 5162 903 5203 casu
927 5145 964 5202 de
986 5145 1052 5201 1515
1082 5142 1203 5200 sublata
1225 5161 1292 5202 esse
1314 5163 1380 5201 cum
1402 5144 1500 5219 probe
1523 5145 1676 5203 intellexe·
1732 5151 1734 5222 ξ

339 5244 379 5302 111
400 5244 582 5306 Lancianins
604 5247 686 5307 Β511.
710 5248 736 5305 d.
754 5248 773 5306 i.
797 5247 887 5320 1871,
912 5245 1109 5320 16155555
1132 5264 1185 5304 cur
1206 5244 1286 5304 idem
1308 5245 1470 5304 coniecerit
1493 5246 1532 5305 11.
1556 5248 1571 5305 1
1594 5248 1676 5306 Pom·

1727 5459 1734 5802 l
