3516 5828
357 549 404 618 88
484 535 489 544 ’
787 566 1093 616 ,rnurrsrranrrn
1123 565 1204 617 von¹
1228 568 1255 616 11

358 739 555 810 commodam,
578 739 666 797 huius
690 738 809 796 demum
831 739 900 795 anni
924 747 1038 796 aestate
1061 739 1120 796 iam
1142 746 1285 820 provecta
1307 737 1425 794 tandem
1452 737 1482 794 in
1505 756 1543 794 eo
1566 755 1721 797 eramuffi

358 851 392 899 ut
418 842 544 918 pretium
573 841 609 898 de
637 860 696 916 quo
723 851 902 900 convenerat
929 841 1097 898 solveretur
1130 839 1305 915 tabulaeque
1334 840 1371 897 ad
1405 857 1461 897 nos
1493 839 1721 896 deferrentur-

358 964 426 1002 cum
453 943 667 1002 intercessione
697 943 797 1000 subita
827 953 917 1019 atque
943 943 1134 1018 inexpectata
1164 943 1214 1018 qui
1241 943 1271 999 iu
1298 941 1449 1017 Hispania
1476 941 1721 1002 institutiones:

359 1045 511 1124 publicam
540 1045 712 1121 cultumque
740 1063 857 1103 sacrum
886 1045 989 1102 fovent
1014 1045 1209 1120 magistratus
1237 1045 1369 1118 supremi
1397 1043 1502 1121 pretio,
1531 1043 1616 1118 quod
1648 1061 1721 1102 no-

340 1147 534 1224 'praestituri
561 1165 680 1205 eramus
710 1146 754 1222 (et
780 1148 861 1222 quod
887 1146 1021 1221 excedit)
1049 1147 1178 1204 Martino
1207 1145 1329 1205 Ocairae
1356 1145 1455 1204 seluto
1482 1145 1606 1203 tabulas
1632 1163 1721 1208 sua-

359 1250 495 1308 secerunt
528 1267 640 1325 nosque
675 1249 710 1306 de
744 1249 817 1320 von,
850 1250 898 1307 cui
932 1249 991 1306 iam
1020 1249 1130 1306 fiducia
1158 1269 1192 1306 ao
1221 1248 1312 1306 robur
1342 1257 1522 1318 accesserat,
1553 1247 1721 1311 felicitat:

361 1352 539 1410 deiecerunt.
583 1354 683 1426 Atque
718 1352 836 1427 publice
869 1351 982 1409 servari
1010 1360 1202 1409 monumenta
1234 1350 1286 1408 illa
1316 1349 1446 1425 insignia
1478 1349 1509 1405 in
1538 1347 1721 1423 Hispani-..—

361 1454 410 1512 ubi
439 1463 557 1530 reperta
583 1462 663 1526 sunt,
697 1463 931 1511 consentaneum
964 1472 1036 1511 sane
1065 1461 1111 1510 est
1143 1471 1239 1528 neque
1268 1451 1437 1509 invidemus
1471 1469 1506 1508 ea
1538 1449 1721 1526 Hispanis:

361 1565 466 1614 contra
494 1555 683 1614 veliementer
715 1563 865 1632 optamus,
899 1565 930 1613 ut
962 1556 1050 1614 etiam
1077 1556 1210 1631 reliquae
1239 1553 1372 1611 eiusdem
1406 1553 1482 1630 legis
1509 1552 1721 1618 Ursonens„

362 1669 464 1736 partes
493 1668 522 1716 et
548 1675 743 1734 quaecunque
771 1667 924 1733 praeterea
953 1667 1004 1715 aut
1033 1659 1127 1716 latent
1155 1657 1185 1714 in
1212 1655 1385 1732 regionibus
1415 1654 1477 1712 illis
1499 1657 1721 1726 instrumen-

362 1761 525 1818 vetustatis
546 1767 597 1817 aut
616 1771 773 1818 servantur
790 1760 973 1836 privatorum
997 1761 1150 1818 hominum
1175 1777 1246 1816 cura
1264 1758 1324 1814 fida
1344 1756 1463 1833 quidem
1483 1766 1513 1814 et
1533 1757 1721 1826 commodi·

365 1882 461 1938 neque
478 1881 549 1920 vero
566 1862 715 1932 diuturna,
738 1882 774 1920 ea
796 1863 886 1938 igitur
901 1863 1001 1920 omnia
1016 1871 1154 1938 optamus
1171 1871 1204 1918 ut
1219 1870 1373 1918 transeant
1387 1861 1418 1916 in
1433 1859 1587 1934 publicam
1604 1877 1721 1930 cus-

367 1965 447 2023 diam
466 1963 562 2022 musei
582 1964 803 2040 archaeologici
818 1965 1012 2023 Matritensis.
1056 1964 1262 2022 intercedente
1278 1982 1348 2020 vero
1365 1974 1483 2020 oratore
1499 1971 1605 2020 nostro
1621 1981 1679 2038 ap>
1716 1994 1721 2020 1

363 2084 463 2142 regem
479 2065 646 2140 Hispaniae
669 2075 699 2123 et
720 2066 951 2124 concedentibus
974 2065 1200 2142 magistratibus
1218 2064 1364 2140 Hispanis
1387 2083 1423 2122 ea
1444 2083 1536 2140 quam
1560 2081 1721 2140 expect

363 2170 471 2227 bamus
497 2166 677 2225 liberalitate
704 2179 812 2244 ectypa
838 2169 992 2244 utriusque
1020 2169 1138 2226 tabulae
1162 2169 1276 2242 optima
1298 2166 1336 2224 ad
1358 2185 1413 2224 nos
1435 2166 1552 2243 perlata
1575 2175 1662 2236 sunt,

365 2271 476 2346 quibus
499 2270 587 2328 edere
609 2287 660 2326 eas
688 2269 760 2328 licet
781 2290 875 2347 paene
903 2271 1006 2330 eadem
1029 2289 1118 2346 quam
1142 2289 1180 2326 ex
1204 2270 1376 2346 archetypis
1399 2268 1467 2326 fide.
1513 2266 1601 2340 Quae
1623 2270 1721 2324 eni

365 2373 398 2430 in
420 2372 535 2448 eotypis
559 2371 607 2428 hio
629 2371 691 2428 illic
718 2372 847 2432 fortasse
870 2393 940 2432 casu
964 2394 1021 2431 non
1044 2372 1251 2450 exprimuntur
1271 2381 1381 2448 puncta
1402 2371 1517 2446 aliquot
1539 2370 1587 2428 vel
1608 2369 1721 2426 line¹

369 2474 417 2532 lae
439 2473 575 2550 graciles,
599 2493 635 2530 ea
655 2474 756 2532 onmia
778 2483 849 2532 sunt
871 2476 985 2533 minimi
1007 2475 1162 2545 nronrenti;
1185 2475 1277 2532 totius
1300 2473 1465 2548 scripturae
1485 2471 1644 2549 dispositio
1716 2491 1721 2522 ι

369 2575 466 2634 forma
488 2574 681 2652 singulaeque
702 2576 818 2635 litterae
842 2597 945 2636 onrrres
968 2587 1028 2636 tarn
1051 2577 1131 2634 clare
1153 2585 1182 2632 ct
1204 2583 1283 2633 certe
1306 2575 1538 2650 distinguuntur,
1568 2583 1601 2631 ut
1622 2566 1721 2629 nul

368 2677 488 2735 omnino
511 2687 604 2736 restet
626 2677 783 2736 dubitatio.
826 2679 862 2736 Id
885 2687 999 2738 tantum
1022 2679 1119 2736 dicere
1142 2697 1200 2736 non
1223 2694 1386 2754 possumus
1403 2686 1499 2736 utrum
1516 2674 1721 2752 marginib¹

366 2780 493 2856 integris
514 2787 651 2838 servatae
674 2780 734 2838 sint
757 2781 877 2839 tabulae
896 2781 983 2839 ambo
1000 2781 1131 2840 alterave
1148 2789 1214 2838 utra
1228 2799 1333 2851 necne;
1356 2779 1432 2836 illud
1448 2788 1547 2837 autem
1564 2768 1721 2854 probat

367 2883 426 2940 lius
449 2893 509 2953 est,
538 2881 678 2940 videlicet
693 2883 878 2958 marginibus
901 2869 953 2942 eas
975 2903 1085 2942 carere.
1129 2883 1208 2941 Nam
1231 2901 1308 2958 quae
1330 2882 1448 2959 integra
1470 2890 1554 2939 extat
1568 2880 1721 2938 llatae-²

369 2984 450 3060 apud
468 2984 616 3042 Heredias
639 3001 823 3060 quamquam
844 2985 968 3044 induas
991 2985 1153 3062 particulas
1175 2985 1270 3042 fracta
1291 2984 1404 3054 tabula,
1427 2991 1459 3041 ut
1474 3001 1530 3042 nos
1552 2993 1674 3060 putanl
1691 2989 1721 3026 ¹³

369 3087 528 3144 universae
554 3085 630 3162 legis
657 3085 785 3162 septima
810 3085 980 3162 (continens
1010 3087 1063 3146 illa
1089 3087 1189 3164 capita
1214 3087 1290 3163 legis
1315 3083 1388 3144 XCI
1414 3085 1450 3144 ad
1478 3083 1577 3160 cvl),
1610 3103 1646 3142 ea

369 3205 462 3262 supra
484 3187 586 3245 monui
609 3189 740 3263 quinque
763 3188 876 3264 scripta
898 3198 943 3247 est
964 3189 1096 3266 paginis;
1123 3207 1228 3247 recens
1255 3196 1391 3263 repertae
1417 3187 1493 3245 duae
1515 3197 1616 3246 ternas
1639 3190 1721 3244 tar

370 3299 433 3347 tum
456 3288 567 3348 habent
588 3289 725 3365 paginas,
749 3299 781 3348 ut
802 3307 899 3349 nonae
921 3292 981 3348 iam
1004 3300 1092 3348 uotae
1108 3300 1252 3366 quantum
1276 3297 1421 3367 superest.
1466 3287 1546 3348 Saue
1568 3292 1720 3348 necesfi

369 3391 447 3448 rium
481 3408 540 3448 non
574 3399 619 3448 est
653 3400 685 3448 ut
718 3399 885 3451 statuamus
919 3393 1037 3452 tabulas
1064 3393 1199 3470 singulas
1226 3410 1330 3450 omnes
1359 3391 1557 3466 aequabiliter
1578 3391 1675 3467 scrip>
1687 3387 1721 3434 ¹⁴

371 3492 465 3551 fuisse
488 3491 606 3568 paginis
630 3493 742 3569 quinis3
767 3503 926 3570 potuerunt
948 3495 1064 3570 aliquot
1085 3515 1186 3553 earum
1211 3496 1341 3571 scriptae
1367 3493 1458 3552 fuisse
1486 3494 1602 3552 minore
1623 3493 1721 3571 pani

370 3613 476 3653 narum
499 3613 623 3652 numero
645 3595 800 3654 autetiam
818 3596 938 3654 maiore.
983 3596 1041 3656 Sed
1065 3597 1090 3654 si
1113 3597 1232 3656 fuerunt
1247 3597 1403 3673 quinarum
1419 3595 1596 3672 paginarum
1616 3596 1721 3654 0112

372 3697 429 3754 hae
451 3705 584 3755 recentes
602 3730 639 3739 —
657 3706 688 3755 ut
709 3697 802 3756 luisse
818 3718 868 3757 eas
892 3699 1046 3774 probabile
1068 3718 1134 3758 esse
1156 3699 1323 3758 iudicamus
1340 3731 1393 3768 —,
1417 3707 1479 3755 tum
1493 3717 1618 3757 mancae
1639 3701 1721 3756 su

372 3799 487 3855 ratione
514 3817 573 3856 non
602 3799 762 3874 aequabili.
813 3797 1035 3859 Continuantur
1061 3801 1139 3860 enim
1167 3802 1196 3859 in
1226 3801 1268 3864 eis
1297 3800 1396 3877 capita
1421 3799 1497 3876 legis
1524 3820 1544 3857 a
1569 3799 1644 3858 LXI
1714 3803 1721 3834 ¹⁴

375 3899 528 3957 LXXXII
550 3900 601 3971 ita,
626 3910 658 3958 ut
679 3901 711 3958 in
727 3901 821 3960 altera
843 3903 982 3978 legantur
996 3904 1095 3980 capita
1109 3922 1214 3961 novem
1229 3922 1324 3978 paene
1345 3903 1463 3978 integra
1484 3901 1721 3979 sexagesimss

373 4003 501 4078 primum
524 4001 562 4058 ad
585 4002 934 4082 undescptuagesimum‚
961 4005 992 4061 in
1015 4005 1110 4063 altera
1136 4005 1304 4075 duodecim,
1330 4003 1382 4062 sed
1405 4023 1443 4061 ex
1466 4013 1552 4078 parte
1574 4005 1658 4062 brevi
1672 4003 1721 4050 ¹⁵

374 4103 456 4176 cula,
489 4105 752 4181 aseptuagesime
780 4105 820 4163 ad
845 4107 1060 4184 octogesimum
1089 4107 1262 4166 secundum.
1305 4106 1411 4182 Itaque
1437 4106 1514 4162 inter
1545 4106 1721 4166 recentiv‘

374 4205 509 4275 alteram,
543 4224 619 4282 quae
649 4206 759 4264 desiuit
788 4209 818 4265 in
848 4208 945 4284 capite
966 4207 1130 4282 LXXXII,
1165 4217 1194 4267 et
1226 4209 1284 4266 iam
1318 4216 1417 4266 notam
1453 4207 1582 4283 priorem
1619 4209 1721 4284 (φ’

376 4307 463 4366 nobis
485 4316 532 4365 est
554 4309 681 4383 septima
702 4308 791 4387 legis)
817 4309 924 4367 desunt
951 4311 1050 4386 capita
1076 4329 1182 4368 novem
1209 4311 1246 4368 ab
1274 4309 1456 4386 octogesimo
1483 4311 1572 4367 tertio
1598 4311 1638 4368 ad
1659 4309 1721 4366 Ο

375 4409 560 4485 nagesimum
576 4411 715 4486 primum,
739 4429 831 4486 aquo
848 4420 975 4469 exeunte
994 4412 1099 4488 incipit
1114 4432 1190 4488 quae
1205 4411 1338 4488 sequitur
1360 4411 1472 4469 tabula.
1515 4411 1721 4470 Manifesta)

374 4511 467 4590 igitur
493 4520 541 4571 est
566 4529 626 4568 non
653 4513 784 4570 tabulam
811 4511 968 4590 integram,
996 4515 1049 4573 sed
1075 4525 1191 4589 partem
1219 4522 1333 4571 tantum
1359 4513 1484 4571 duarum
1508 4514 1557 4572 vel
1579 4515 1721 4573 martit

376 4613 465 4670 trium
495 4613 672 4688 paginarum
702 4615 743 4672 ibi
773 4615 970 4674 intercidisse.
1015 4615 1133 4674 Tabula
1163 4615 1254 4693 igitur
1284 4615 1370 4692 legis,
1401 4634 1477 4690 quae
1511 4625 1600 4674 sexta
1634 4597 1721 4675 rifi

376 4723 425 4771 tur
448 4715 549 4786 luisse,
572 4725 602 4774 et
622 4716 689 4792 ipsa
704 4717 863 4792 quinarum
879 4717 1055 4795 paginarum
1078 4718 1174 4777 luisse
1189 4719 1294 4794 potuit,
1340 4716 1425 4789 Quae
1439 4717 1594 4794 praecedit
1609 4718 1721 4796 quiffl

377 4828 439 4874 tum
462 4817 632 4874 necessario
655 4819 760 4893 eapite,
784 4838 842 4877 non
866 4820 925 4878 fine
948 4828 1085 4878 truncata
1107 4838 1172 4878 esse
1195 4819 1352 4878 statuenda
1374 4827 1433 4888 est;
1456 4820 1483 4876 si
1505 4821 1570 4878 eius
1593 4839 1701 4897 quoq,

378 4918 531 4993 perierunt
552 4919 680 4996 paginae
695 4919 781 4994 duae,
804 4922 937 4998 incipere
958 4922 1028 4980 illae
1044 4929 1204 4998 potuerunt
1222 4922 1283 4980 fere
1301 4943 1320 4979 a
1338 4921 1435 4997 capite
1450 4921 1721 4998 quinquagesirffl

376 5017 420 5077 Ut
442 5039 500 5078 uno
523 5021 627 5078 obtutu
651 5023 850 5098 perspiciatur
871 5033 944 5098 quot
967 5023 1084 5082 tabulae
1108 5035 1246 5082 servatae
1270 5023 1330 5082 sint
1345 5031 1474 5099 quotque
1497 5025 1656 5100 probabile
1676 5025 1721 5080 ἒ

377 5121 513 5198 periisse,
536 5122 636 5181 addidi
659 5124 818 5201 imaginem
841 5125 918 5183 hanc
940 5125 1017 5184 iufra
1039 5127 1178 5202 positam.
