3496 5828
625 492 809 544 MOMMSEN
836 492 1003 544 ELOGll'M
1031 494 1070 544 M.
1099 492 1329 544 MESSALLAE.

395 667 532 725 interrex
555 674 600 726 ter
615 666 759 726 Messalla
780 667 877 726 laetus
900 675 956 726 est.
1001 667 1176 743 Interregua
1190 677 1288 725 autem
1310 667 1431 725 fuerunt
1452 677 1482 725 et
1496 665 1647 743 principio

312 789 337 827 a.
356 769 416 828 699
440 769 587 844 (Dicas,
611 767 659 826 27.
683 768 737 844 31)
765 777 795 826 et
816 777 929 845 septem
958 771 1103 829 mensium
1126 769 1291 845 primorum
1313 789 1340 828 a.
1357 769 1415 826 701
1439 776 1468 828 et
1494 789 1547 846 per
1568 767 1647 826 duos

310 875 425 950 primos
453 889 572 931 meuses
600 890 627 929 a.
649 869 725 942 702,
752 889 879 946 quorum
906 872 1002 948 primo
1031 871 1203 930 Messallam
1230 871 1408 948 interregem
1438 871 1549 929 factum
1577 888 1649 928 esse

312 975 456 1053 temporis
480 973 553 1031 ordo
576 973 717 1048 postulat.
756 971 958 1032 Confirmatcr
980 975 1010 1032 id
1032 993 1068 1032 eo
1083 974 1164 1050 quod
1186 992 1253 1032 cum
1275 974 1463 1033 consulatum
1486 974 1517 1031 in
1539 991 1567 1030 a.
1585 971 1646 1030 699

312 1087 400 1134 extra
427 1075 561 1134 ordinem
589 1083 724 1152 peterent
745 1074 909 1151 Pompeius
931 1085 960 1133 et
980 1075 1120 1147 Crassus,
1149 1075 1323 1134 consulibus
1347 1075 1517 1134 diffidentes
1540 1073 1648 1132 effece-

311 1188 389 1249 runt,
413 1186 516 1236 utres
538 1177 576 1236 ad
598 1178 801 1254 interregnum
823 1177 949 1250 rediret3
979 1187 1059 1238 recte
1080 1179 1171 1255 igitur
1196 1179 1335 1238 convenit
1357 1178 1532 1237 Messallam
1554 1177 1647 1236 Pom·

312 1282 380 1357 peio
403 1281 535 1338 deditum
558 1280 709 1338 hominem
732 1298 767 1338 eo
790 1280 889 1338 officio
912 1291 974 1338 tum
995 1281 1129 1339 functum
1152 1297 1228 1339 esse.
1267 1281 1376 1339 Iterum
1399 1281 1577 1356 tertiumque
1601 1280 1646 1338 in-

310 1393 456 1459 terregem
479 1403 547 1440 eum
570 1391 700 1440 creatum
723 1400 791 1440 esse
814 1401 841 1441 a.
864 1383 921 1442 701
948 1383 996 1440 vel
1018 1403 1045 1442 a.
1070 1381 1129 1441 702
1152 1390 1385 1442 cousentaneum
1408 1393 1463 1442 est.

395 1483 511 1544 Censor
538 1484 685 1544 Messalla
717 1485 811 1543 factus
845 1495 904 1557 est,
938 1498 971 1544 ut
997 1504 1089 1562 supra
1117 1485 1255 1558 vidimus,
1282 1486 1387 1544 eodem
1414 1505 1441 1544 a.
1466 1485 1525 1545 699
1553 1485 1646 1544 Pom·

311 1588 380 1663 peio
403 1597 433 1646 et
455 1585 567 1646 Crasso
590 1587 762 1646 consulibus
785 1607 845 1644 una
866 1605 931 1645 cum
951 1587 987 1645 P.
1004 1585 1133 1648 Servilio
1154 1587 1290 1646 Isaurico
1313 1587 1364 1664 (de
1379 1587 1461 1646 Boor
1482 1587 1553 1647 fasti
1575 1607 1646 1646 cen-

310 1707 369 1748 sor.
393 1710 420 1766 p.
439 1687 502 1763 28).
547 1688 593 1745 Ec
622 1697 756 1766 ternpore
782 1707 848 1747 eum
876 1690 940 1748 siue
968 1691 1058 1749 dubio
1087 1709 1146 1749 non
1176 1699 1348 1748 crearentur
1375 1690 1433 1748 uisi
1456 1689 1594 1749 asseclae
1616 1701 1646 1750 et

309 1791 529 1867 quodammodo
553 1791 676 1850 clientes
692 1792 844 1850 hominurn
868 1793 1145 1868 potentissimorum
1165 1811 1277 1864 eorum,
1301 1793 1353 1868 qui
1367 1790 1469 1851 Lucae
1491 1810 1559 1851 sese
1574 1811 1646 1851 con-

310 1895 508 1964 sociaverant,
536 1893 605 1951 hinc
634 1893 731 1951 denuo
760 1895 952 1952 confirmatur
978 1894 1152 1953 Messallam
1180 1913 1239 1954 nou
1262 1894 1452 1973 optimatium
1473 1902 1574 1970 partes
1598 1913 1646 1953 se·

309 2003 409 2054 cutum
432 2013 508 2066 esse,
532 1995 586 2054 sed
601 1997 782 2067 contrarias;
806 1997 917 2071 pariter
940 2005 1030 2072 atque
1045 1997 1162 2075 collega
1183 1997 1213 2056 in
1234 2015 1361 2056 censura
1381 2005 1467 2074 pater
1487 1997 1544 2056 fuit
1559 1997 1646 2055 Isau·

308 2099 363 2156 rici
386 2098 520 2173 collegae
542 2097 639 2175 ipsius
660 2096 802 2156 Caesaris
825 2099 855 2156 iu
878 2097 1035 2157 consulatu
1057 2119 1083 2157 a.
1102 2099 1161 2158 706
1184 2107 1274 2158 etex
1297 2099 1400 2158 amicis
1422 2100 1487 2158 eius
1510 2099 1645 2158 devotis·

310 2200 395 2258 simis
422 2199 645 2276 fidissimisque.
670 2197 877 2259 —Censores
904 2200 934 2256 lri
962 2200 999 2258 ad
1025 2199 1151 2259 lustrum
1179 2220 1239 2259 nou
1265 2209 1472 2278 pervenerunt,
1500 2201 1554 2260 sed
1582 2221 1646 2260 non

309 2309 431 2378 propter
452 2302 576 2360 alterius
599 2303 696 2360 utrius
718 2321 821 2360 eorum
845 2302 975 2370 obitum;
1004 2302 1033 2360 id
1056 2304 1183 2362 enimsi
1209 2303 1377 2374 accidisset,
1407 2322 1467 2362 non
1488 2303 1646 2380 ignorare·

309 2421 385 2462 mus.
430 2401 531 2476 Quare
557 2413 684 2462 exeunte
711 2421 856 2462 censurae
882 2413 1016 2482 tempore
1037 2413 1182 2463 autumno
1209 2425 1236 2463 a.
1260 2405 1320 2462 700
1342 2404 1487 2464 Messalla
1510 2406 1542 2463 iu
1565 2407 1645 2465 vivis

308 2505 381 2576 luit,
416 2506 668 2581 confirmaturque
694 2505 724 2563 id
751 2525 796 2578 ec,
824 2506 903 2582 quod
936 2526 973 2565 eo
1002 2525 1082 2566 anno
1108 2508 1157 2565 die
1186 2504 1268 2583 Sept.
1294 2507 1311 2564 2
1339 2527 1395 2584 pro
1424 2505 1537 2567 Scauro
1565 2507 1646 2567 dixit

310 2606 475 2682 (Asconius
498 2609 528 2666 iu
552 2605 655 2667 Scaur.
679 2626 708 2682 p.
725 2606 789 2682 20).

392 2710 505 2770 Postea
526 2711 671 2769 Messalla
693 2727 751 2768 nou
778 2723 1028 2770 commemoratur
1049 2713 1281 2787 del'unotumque
1304 2729 1371 2770 esse
1393 2718 1552 2787 autequam
1579 2713 1646 2772 bel-

306 2812 368 2871 lum
392 2813 479 2872 civile
502 2819 637 2870 oreretur
658 2812 744 2871 initio
771 2831 798 2870 a.
824 2814 883 2873 705
906 2815 975 2872 iude
998 2815 1161 2890 colligitur,
1186 2815 1267 2889 quod
1288 2811 1394 2872 Cicero
1418 2814 1444 2872 ei
1467 2813 1566 2872 locum
1590 2814 1645 2874 ‹le-

307 2913 351 2972 dit
373 2915 403 2972 iu
427 2913 521 2973 Bruto
544 2915 621 2972 iuter
642 2915 741 2972 claros
765 2923 899 2974 oratores
921 2916 959 2973 ad
982 2936 1017 2974 ea
1039 2934 1136 2992 usque
1159 2925 1294 2993 tempora
1316 2915 1484 2974 defunctos.

389 3015 511 3074 Patrem
538 3035 605 3075 eum
634 3017 729 3075 fuisse
755 3017 880 3075 fratrum
908 3019 1033 3076 duorum
1060 3019 1100 3076 M.
1123 3017 1237 3076 Valerii
1263 3018 1426 3077 Messallae
1456 3017 1550 3077 Potiti
1577 3037 1644 3079 eos.

309 3115 368 3176 722
391 3119 491 3195 potius
514 3137 604 3194 quam
628 3117 686 3177 725
710 3128 740 3176 et
761 3119 800 3176 M.
824 3119 937 3177 Valerii
958 3120 1122 3178 Messallae
1144 3120 1318 3178 Publicolae
1341 3118 1465 3179 Corvini
1493 3139 1554 3180 cos.
1579 3121 1642 3181 723

306 3219 467 3277 clarissimi
489 3219 619 3278 oratoris
642 3219 829 3295 Borghesius
851 3220 935 3296 (opp.
956 3223 981 3290 l,
999 3222 1074 3296 407)
1102 3223 1172 3280 iudo
1193 3222 1382 3299 potissimum
1405 3222 1535 3300 collegit,
1559 3225 1643 3299 quod

306 3321 533 3380 cum'Messalla
555 3321 630 3380 alter
653 3339 747 3397 augur·
769 3322 821 3380 ille
843 3339 905 3381 cos.
928 3343 955 3380 a.
972 3323 1028 3380 701
1054 3324 1221 3382 diutissime
1239 3325 1357 3396 vixerit,
1381 3326 1446 3384 eius
1467 3325 1548 3384 filius
1565 3323 1643 3384 Cor-

306 3425 393 3504 uinus
422 3425 471 3481 viu
498 3424 594 3483 fuisse
622 3432 735 3498 potest,
764 3443 830 3482 cum
863 3436 924 3482 tam
958 3445 1057 3483 rerum
1090 3428 1252 3504 scriptores
1281 3446 1372 3503 quam
1404 3439 1510 3505 poetae
1539 3429 1575 3486 de
1605 3448 1643 3487 eo

296 3526 392 3584 'multi
415 3526 476 3584 sint
501 3545 556 3584 uec
583 3533 682 3584 tamen
710 3527 870 3602 quisquam
898 3546 1001 3586 eorum
1030 3527 1067 3584 ad
1096 3537 1210 3604 patrem
1233 3536 1263 3586 et
1292 3536 1414 3588 senecta
1436 3530 1642 3590 venerabilem

306 3637 335 3686 et
356 3629 388 3686 iu
410 3628 520 3686 litteris
543 3628 738 3703 conspicuum
762 3629 913 3705 respiciat.
959 3627 1047 3702 erod
1070 3630 1198 3688 sirecte
1220 3632 1330 3706 posuit,
1352 3641 1384 3689 ut
1406 3633 1531 3704 videtur,
1559 3651 1643 3691 uxor

306 3730 467 3788 Messallae
500 3730 590 3788 liuius
623 3749 659 3788 ea
688 3730 757 3802 fuit,
789 3749 866 3806 quae
898 3739 1040 3809 corrupto
1073 3733 1220 3790 vocabulo
1253 3734 1334 3809 apud
1365 3734 1570 3805 Dionaeam,
1599 3734 1641 3794 24

306 3822 412 3889 nataae
435 3832 556 3891 dicitur:
580 3832 611 3890 iu
633 3851 692 3908 quo
715 3840 812 3891 utrum
828 3833 918 3892 Polla
940 3834 1031 3892 lateat
1046 3853 1083 3892 au
1104 3835 1187 3892 aliud
1207 3853 1315 3894 nomen
1335 3835 1508 3913 quodpiam,
1531 3855 1641 3914 parum

306 3941 433 3992 constat.

1346 4039 1406 4100 Tu.
1422 4040 1594 4100 Mouusau.
