3496 5828
342 505 390 580 20
896 527 1117 581 censueras

425 701 482 760 His
505 702 680 777 praemissis
710 703 746 760 de
774 702 949 761 auctoribus
979 703 1135 761 dicendum
1164 704 1222 761 iam
1250 711 1296 760 est
1324 702 1361 761 de
1384 703 1510 780 singulis
1534 704 1678 779 deinceps

341 804 476 880 partibus
500 804 685 862 collectionis
714 805 751 862 ab
776 805 908 881 Antiquo
936 805 1102 864 confectae:
1132 804 1168 862 de
1191 805 1298 880 quibus
1321 823 1390 863 cum
1408 805 1679 882 disputaverimus,

340 905 477 964 dabimus
511 907 629 965 tabulas
657 915 751 965 totum
785 926 860 984 opus
890 915 1034 984 quantum
1062 907 1126 966 fieri
1155 915 1254 983 potest
1280 918 1552 985 repraesentantes,
1597 908 1679 966 Tota

341 1009 476 1067 collectio
504 1011 534 1066 in
564 1010 639 1068 duas
667 1019 768 1086 partes
798 1010 949 1081 dividitur,
978 1029 1102 1086 quarum
1130 1011 1204 1069 fines
1226 1010 1257 1068 in
1279 1010 1426 1088 exemplis
1448 1011 1536 1070 nobis
1559 1010 1678 1068 traditis

341 1111 417 1170 satis
445 1112 525 1170 clare
552 1121 727 1170 cernuntur:
757 1111 852 1170 altera
874 1113 1081 1190 complectitur
1103 1112 1207 1170 titulos
1229 1113 1403 1188 provinciae
1428 1113 1678 1184 Tarraconensis,

340 1213 436 1272 altera
458 1213 598 1272 Baeticos
622 1233 689 1273 cum
714 1215 819 1290 paucis
842 1235 857 1272 e
877 1215 1037 1274 Lusitania
1065 1223 1094 1273 et
1117 1213 1275 1274 Gallaecia
1304 1215 1448 1275 oriundis.
1493 1215 1583 1274 Prior
1604 1231 1677 1292 pars

340 1324 441 1374 exstat
463 1316 543 1392 apud
565 1317 781 1395 Peutingcrum
803 1316 823 1374 f.
839 1311 990 1388 50'-54';
1016 1315 1121 1377 Sanut.
1144 1317 1164 1374 f.
1182 1315 1362 1389 295-303;
1385 1319 1414 1376 in
1437 1319 1514 1376 libro
1535 1317 1678 1377 Filonar-

340 1417 430 1476 diano
452 1419 473 1477 f.
490 1419 613 1478 31-44
636 1420 679 1478 ita
702 1431 733 1476 ut
755 1421 843 1480 finem
866 1420 930 1478 eius
954 1419 1049 1477 altera
1071 1437 1142 1496 pars
1164 1438 1224 1478 non
1247 1420 1348 1479 statim
1372 1433 1526 1497 sequatur,
1555 1421 1612 1479 sed
1634 1425 1678 1478 in-

339 1521 493 1596 terpositis
516 1520 623 1581 alienis
646 1523 764 1581 demum
787 1522 808 1579 f.
826 1518 872 1580 78‘
889 1539 989 1598 seqq:
1013 1519 1129 1581 Siederi
1151 1522 1259 1580 deinde
1273 1523 1369 1581 codex
1385 1543 1451 1582 cum
1468 1523 1590 1599 Apiano
1614 1541 1678 1580 om-

339 1623 411 1681 nino
433 1625 511 1682 banc
533 1635 647 1699 partem
671 1624 767 1683 solam
789 1626 911 1700 recepit.
950 1622 1118 1698 Quomiuus
1142 1635 1240 1684 autem
1256 1624 1514 1685 Tarraconensem
1531 1643 1677 1685 vocemus

339 1725 415 1784 banc
441 1726 672 1802 inscriptionum
701 1727 819 1798 seriem,
845 1726 926 1785 tituli
948 1727 1036 1802 pauci
1059 1728 1110 1803 qui
1136 1727 1366 1804 interponuntur
1387 1737 1475 1788 extra
1500 1729 1575 1786 fines
1599 1728 1677 1787 Tar·

339 1828 512 1886 raconensis
535 1827 703 1904 Hispaniae
730 1828 848 1887 oriundi
876 1830 977 1905 pontis
1000 1828 1227 1888 Alcantarensis
1256 1829 1299 1905 (n.
1318 1829 1387 1889 759.
1412 1830 1481 1889 760.
1507 1829 1582 1906 761)
1611 1832 1678 1890 Ma-

338 1929 461 1988 lucitani
489 1929 595 2004 (1969.
627 1931 716 1990 1966.
748 1931 842 2007 1968)
872 1929 1087 1990 Cartimitauus
1116 1931 1226 2008 (1956)
1255 1951 1290 1990 co
1318 1932 1416 1992 minus
1445 1933 1576 2005 obstant,
1605 1934 1678 2010 quia

339 2038 443 2090 auctor
464 2033 616 2109 Antiquus
638 2051 691 2092 eos
713 2051 771 2092 non
795 2034 832 2091 de
853 2032 952 2110 lapide
975 2033 1145 2110 descripsit,
1173 2033 1226 2092 sed
1252 2053 1292 2092 ex
1320 2035 1495 2094 collectione
1516 2036 1678 2112 Antiquis-

339 2134 406 2192 simi
430 2135 590 2194 transtulit.
635 2138 734 2212 Atque
763 2136 892 2211 primum
919 2135 1020 2194 locum
1049 2137 1079 2194 in
1107 2137 1163 2195 hac
1189 2136 1289 2212 priore
1315 2136 1501 2196 collectionis
1524 2147 1611 2213 parte
1634 2148 1677 2197 te·

339 2243 410 2294 nent
431 2237 527 2312 ipsius
550 2238 732 2297 Tarraconis
753 2237 832 2296 tituli
855 2238 985 2314 plurimi,
1010 2249 1175 2314 sequuntur
1196 2239 1254 2297 orti
1277 2237 1411 2316 Sagunto
1427 2239 1527 2299 Ilerda
1541 2239 1679 2298 Dertosa

338 2338 480 2397 Valentia
505 2340 621 2398 Murcia
647 2341 714 2398 Ilici
738 2338 861 2400 Saetabi
884 2341 995 2417 quique
1018 2341 1157 2399 dicuntur
1185 2340 1243 2399 orti
1271 2359 1340 2400 esse
1363 2340 1518 2417 Diani01).
1564 2341 1678 2401 Tarra-

338 2441 513 2500 conensium
541 2451 639 2501 autem
667 2442 897 2520 inscriptionum
919 2451 1036 2518 praetor
1066 2441 1196 2518 amplam
1219 2443 1325 2502 seriem
1349 2445 1437 2502 modo
1460 2463 1678 2503 commemora-

338 2557 397 2602 tam
422 2543 518 2601 altera
539 2544 677 2603 collectio
700 2545 806 2615 minor,
830 2563 1010 2620 quamquam
1033 2545 1114 2602 haud
1136 2544 1257 2621 exigua,
1281 2545 1392 2604 tradita
1414 2547 1501 2606 nobis
1524 2555 1572 2605 est
1595 2549 1679 2624 apud

338 2643 495 2706 Siederum
522 2641 699 2706 sss-88
730 2647 914 2722 (=Apian.
941 2649 988 2717 11,
1011 2647 1134 2719 3-13,
1157 2646 1205 2722 2),
1239 2648 1257 2705 i.
1285 2669 1311 2706 e.
1338 2648 1479 2708 soliorum
1516 2667 1679 2724 perperam

338 2749 506 2824 positorum
528 2749 646 2807 ratione
669 2749 771 2808 habita
796 2749 828 2808 in
849 2749 908 2808 fine
931 2749 1044 2826 operis3
1067 2749 1171 2808 eadem
1201 2749 1278 2808 redit
1303 2750 1334 2808 in
1361 2750 1437 2809 libro
1454 2750 1680 2810 Filonardiuno

339 2849 359 2908 f.
376 2848 499 2908 23-25
522 2860 551 2908 et
573 2850 720 2926 quaedam
742 2851 811 2909 iude
834 2851 997 2910 afferuntur
1018 2852 1048 2909 in
1065 2852 1130 2909 cod.
1147 2851 1303 2910 Parmensi
1325 2852 1345 2910 f.
1365 2848 1509 2925 15-15¹;
1533 2854 1682 2930 ignorant

338 2972 404 3011 eam
426 2959 458 3011 et
479 2953 642 3030 Peutiuger
664 2966 694 3012 et
717 2953 859 3014 Sanutus.
904 2954 969 3012 Hos
994 2953 1095 3012 titulos
1118 2953 1178 3012 noli
1201 2954 1273 3030 quia
1298 2955 1328 3012 in
1355 2954 1425 3013 aliis
1448 2955 1681 3030 exemplaribus

337 3055 461 3127 desunt,
490 3055 519 3112 iu
549 3055 617 3132 aliis
645 3075 664 3112 a
690 3057 798 3115 ceteris
821 3056 1102 3114 Tarraconensibus
1125 3066 1311 3132 separantur,
1333 3057 1371 3114 ab
1394 3058 1528 3133 Antiquo
1551 3066 1680 3118 auctore

338 3157 525 3215 abiudicarc:
554 3157 601 3215 cui
630 3159 796 3217 sententiae
819 3159 867 3217 vel
888 3159 944 3217 boc
966 3159 1075 3229 obstat,
1103 3158 1182 3234 quod
1210 3159 1240 3216 in
1262 3165 1345 3217 tauto
1367 3158 1598 3236 inscriptionum
1622 3183 1681 3222 nu·

337 3277 420 3318 mero
443 3259 526 3318 nulla
547 3260 578 3318 in
601 3267 726 3337 utraque
741 3261 1012 3320 Tarraconensium
1036 3263 1113 3318 serie
1135 3259 1220 3318 redit.
1259 3259 1345 3334 Quae
1367 3261 1444 3320 ratio
1468 3263 1546 3320 inter
1561 3271 1681 3324 utram-

337 3380 395 3439 que
416 3362 591 3436 intercedat,
615 3363 683 3422 inde
705 3361 762 3422 nisi
784 3363 873 3421 fallor
895 3363 1061 3441 collegitur,
1088 3361 1169 3439 quod
1191 3362 1286 3421 maior
1308 3364 1402 3422 series
1423 3365 1484 3421 fere
1508 3373 1572 3423 tota
1596 3385 1682 3427 com-

337 3465 437 3540 posita
458 3475 505 3526 est
526 3485 565 3524 ex
587 3465 682 3524 titulis
707 3466 812 3538 sacris,
839 3466 1062 3542 imperatorum,
1093 3465 1320 3542 magistratuum
1347 3465 1597 3543 sacerdotumque
1621 3489 1681 3544 pu·

336 3569 482 3628 blicorum
509 3567 558 3627 vel
586 3567 821 3645 municipalium,
849 3568 897 3625 vel
922 3568 953 3626 iu
981 3567 1090 3644 quibus
1113 3568 1216 3644 aliqua
1238 3569 1360 3628 accedat
1385 3586 1477 3628 causa
1498 3569 1681 3644 peculiaris,

263 3662 269 3670 ”
336 3691 388 3729 cur
409 3671 538 3729 lectione
554 3670 706 3747 digniores
728 3671 784 3729 visi
809 3667 917 3746 sint²);
940 3669 970 3728 in
990 3669 1105 3728 minore
1128 3671 1206 3729 serie
1221 3675 1274 3728 vix
1295 3671 1375 3730 ullae
1396 3671 1590 3731 inveniuntur
1613 3693 1681 3733 ma·

337 3775 410 3832 ioris
432 3772 587 3850 diguitatis
609 3773 830 3850 inscriptiones,
853 3770 905 3832 scd
928 3781 997 3830 sunt
1017 3791 1120 3830 omues
1143 3773 1334 3848 sepulcrales.
1377 3773 1481 3850 Itaque
1498 3785 1582 3852 putu,
1607 3796 1682 3836 auc-

337 3883 432 3934 torem
448 3875 633 3934 collectionis
656 3875 711 3934 bas
733 3895 752 3932 a
774 3875 880 3934 ceteris
895 3874 1175 3934 Tarraconensibus
1198 3883 1353 3950 separatas
1376 3877 1407 3935 in
1427 3877 1516 3934 finem
1538 3877 1681 3938 fortasse

337 3979 436 4054 operis
459 3977 627 4055 relegasse3
656 3977 735 4035 unde
762 3977 943 4036 transierunt
970 3978 1000 4035 in
1026 3977 1137 4035 librum
1160 3973 1275 4036 Siederi
1301 3987 1332 4038 et
1356 3979 1566 4056 supplementa
1589 3980 1682 4040 Filo·

337 4079 484 4150 nardiani,
507 4096 568 4136 non
590 4089 727 4157 receptae
750 4087 819 4137 suut
841 4080 871 4137 in
893 4079 967 4137 illud
983 4079 1161 4157 exemplum,
1185 4100 1224 4138 ex
1246 4098 1306 4156 quo
1328 4081 1460 4157 pendent
1478 4081 1681 4143 collectiones

337 4181 510 4257 Peutingeri
544 4179 650 4240 Sannti
685 4181 910 4240 Filenardiana.
954 4183 1148 4241 Aesoncnses
1180 4182 1392 4259 inscriptiones
1425 4193 1555 4259 quatuor
1590 4185 1681 4260 (vide

340 4283 370 4343 C.
387 4283 412 4341 1.
428 4283 458 4340 ΙΙ
473 4301 542 4360 pag.
556 4283 631 4359 594)
648 4301 723 4360 quas
739 4284 851 4342 habeut
867 4282 972 4345 Siedor
987 4297 1015 4343 et
1030 4285 1178 4361 Apianae,
1201 4285 1341 4342 omittunt
1358 4285 1522 4362 Peutinger
1537 4284 1680 4347 Sauutus

338 4385 586 4457 Filonardiauus,
617 4403 797 4463 quamquam
822 4387 978 4445 traduntur
1006 4387 1073 4445 loco
1096 4387 1194 4446 alieno
1211 4421 1251 4429 —
1268 4387 1463 4464 interpositae
1492 4389 1574 4447 cuim
1603 4401 1679 4450 sunt

337 4549 540 4558 ——-—--...

415 4654 439 4716 ¹)
458 4655 583 4705 Dianium
603 4655 733 4719 Antiquos
752 4655 831 4704 refert
850 4656 937 4704 titulos
957 4671 988 4705 ex
1008 4655 1198 4720 Antiquissimo
1217 4656 1320 4720 petitos,
1345 4656 1388 4720 qui
1407 4656 1440 4705 ab
1460 4656 1506 4706 illo
1526 4657 1597 4707 inter
1616 4660 1678 4709 Ma·

337 4747 462 4798 lacitauos
486 4748 652 4811 proferuntur
671 4763 695 4796 n.
712 4747 791 4797 1965.
814 4741 889 4798 164*.
910 4743 986 4810 363‘,
1015 4747 1084 4798 1433
1110 4748 1146 4808 (ia
1170 4747 1236 4797 villu
1257 4745 1353 4797 Zolosu
1372 4747 1444 4797 Ferr.
1465 4749 1529 4812 Reg.
1549 4749 1568 4798 l'.
1588 4751 1677 4813 170¹),

337 4841 431 4890 deinde
449 4839 543 4890 falsum
564 4833 632 4890 ³64*
652 4846 676 4888 et
696 4839 904 4890 Tarraconenses
924 4839 1004 4890 4315.
1025 4839 1106 4890 4388.

414 4930 439 4993 2)
458 4931 530 4983 Ordo
551 4933 636 4993 etiam,
662 4947 712 4996 quo
731 4932 849 4996 dispositi
869 4939 928 4981 suut
946 4933 972 4980 bi
993 4933 1069 4994 tituli,
1096 4947 1189 4997 magna
1209 4947 1241 4981 ex
1261 4940 1332 4998 parte
1351 4933 1446 4997 pendet
1466 4947 1497 4982 ex
1518 4943 1678 4997 argumento

337 5027 465 5088 ipsorum:
486 5025 642 5088 praecedunt
660 5023 728 5072 tituli
742 5024 797 5073 deis
811 5024 922 5073 dedicati
942 5025 1037 5085 (Filon.
1057 5025 1076 5074 l.
1091 5025 1145 5085 31),
1166 5031 1306 5090 sequuntur
1325 5024 1392 5074 tituli
1412 5027 1600 5090 imperatorum
1622 5027 1681 5088 (31'

338 5115 433 5180 -33¹)
458 5117 602 5180 civiumque
628 5117 734 5166 summis
753 5115 895 5166 bonoribus
914 5117 1066 5180 insignium3
1091 5117 1143 5166 alio
1169 5117 1227 5166 loeo
1247 5124 1436 5182 componuntur
1455 5117 1533 5166 sariri
1554 5121 1678 5184 magistri

338 5208 431 5257 Larum
446 5209 473 5269 (l.
490 5207 554 5269 35'),
577 5209 692 5259 flamines
705 5208 852 5274 provinciae
866 5207 986 5259 omnibus
998 5208 1138 5258 bonoribus
1151 5209 1178 5258 in
1192 5223 1245 5274 rep.
1261 5224 1307 5260 sua
1319 5209 1400 5260 iuncti
1415 5209 1443 5271 (l.
1458 5206 1599 5277 arr—38¹)
1615 5217 1665 5262 ete.
