3496 5828
360 496 409 566 84
612 514 798 565 nouusnn
825 513 1130 565 osssnvurroans
1156 515 1445 566 arronsrnrcas.

361 687 476 744 curiam
497 688 702 763 perveniretur
723 687 1018 762 adseIseerenturqus
1040 697 1195 762 praeterea
1217 687 1394 746 decuriones
1416 689 1543 763 pedanei
1567 709 1707 766 qnoque,

362 789 393 847 id
414 799 461 845 est
484 808 543 846 uon
565 807 604 847 ex
621 789 734 847 bonore
749 799 845 864 gesto,
868 789 921 847 sed
944 809 981 846 ex
1005 789 1132 846 lectione
1154 789 1233 846 facti.
1279 787 1339 850 Sed
1354 790 1392 846 ad
1413 791 1513 866 ipsam
1529 791 1706 850 Romanam

362 891 476 949 curiam
501 890 580 965 qnod
613 892 727 961 attinet,
761 891 825 948 fieri
859 901 968 966 potest,
1002 901 1035 949 ut
1066 890 1136 948 talis
1169 891 1230 948 lere
1262 892 1306 949 ibi
1338 892 1489 950 ordinatio
1524 895 1706 962 obtinuerit,

361 993 480 1067 qualem
502 994 532 1049 in
556 992 660 1049 Africa
681 993 847 1051 obtinuisse
874 995 933 1051 iam
959 1001 1051 1069 patet,
1080 991 1193 1049 scilieet
1216 1007 1248 1051 nt
1269 998 1299 1050 in
1322 1005 1429 1052 senatu
1452 1004 1575 1068 praeter
1599 1015 1705 1054 sacer-

362 1095 449 1152 dotes
472 1095 726 1170 magistratusque
753 1114 812 1151 non
839 1103 941 1152 essent
968 1094 1026 1151 nisi
1049 1094 1234 1151 consulares.
1278 1094 1358 1153 Nam
1381 1105 1536 1172 praetores
1558 1109 1707 1170 quaesto-

362 1214 471 1270 resque
493 1197 544 1271 qni
567 1195 744 1254 creabantur
766 1205 927 1271 potuerunt
949 1205 1001 1252 aut
1021 1205 1107 1253 extra
1128 1197 1240 1253 curiam
1263 1198 1294 1254 in
1316 1197 1493 1255 clarissimis
1510 1218 1637 1256 manere
1652 1213 1706 1256 ant

363 1317 509 1355 unacum
529 1299 707 1374 magistratu
729 1298 884 1355 codicillos
906 1297 1040 1373 accipere
1062 1298 1295 1356 consularitatis.
1339 1297 1427 1372 Quod
1448 1299 1485 1357 de
1510 1303 1706 1374 praetoribus

362 1401 556 1458 confirmatur
584 1400 805 1474 quodammodo
831 1400 959 1457 Polemii
986 1399 1131 1456 laterculo
1156 1400 1194 1457 ad
1217 1401 1316 1458 Iunii
1339 1400 1388 1473 (C.
1410 1402 1436 1458 Ι.
1459 1401 1494 1458 L.
1520 1403 1536 1459 Ι
1560 1423 1590 1478 p.
1608 1403 1702 1478 335):

362 1502 473 1575 suffecti
495 1502 623 1560 consules
646 1503 831 1576 deat'qnuntur
853 1506 912 1560 sive
933 1513 1090 1576 praetores.
1134 1502 1273 1576 Denique
1295 1503 1325 1560 in
1348 1514 1486 1561 senatum
1503 1506 1556 1578 qui
1579 1505 1704 1582 adlege-

362 1603 480 1674 bantur,
508 1621 544 1660 eo
573 1613 707 1678 tempore
734 1603 872 1661 videntur
897 1604 1006 1661 adlecti
1033 1621 1102 1662 esse
1128 1605 1205 1661 inter
1231 1604 1405 1663 consulares
1432 1624 1538 1662 omnes
1567 1605 1616 1681 (C.
1639 1607 1700 1663 Tb.

363 1705 391 1776 6,
409 1703 471 1770 Η
495 1705 596 1780 ibique
620 1703 849 1780 Gothoiredus).
893 1708 936 1763 At
957 1705 1161 1764 difficillimam
1190 1707 1396 1781 quaestionem
1425 1707 1462 1763 de
1488 1719 1616 1766 senatus
1637 1708 1700 1764 Ro-

363 1808 440 1865 mani
469 1807 557 1864 huius
580 1807 693 1865 saeculi
714 1807 927 1865 constitutione
952 1808 999 1865 his
1023 1808 1097 1865 meis
1120 1807 1356 1867 dubitationibus
1377 1827 1436 1866 non
1460 1809 1584 1867 solvere
1608 1810 1692 1880 volui,

363 1909 414 1966 sed
438 1909 506 1968 aliis
528 1910 736 1966 commendare
759 1909 944 1966 solvendam.

447 2009 610 2068 Numerum
633 2011 825 2068 decurionum
849 2011 959 2082 album,
989 2012 1016 2068 si
1044 2021 1123 2068 reete
1150 2011 1180 2068 id
1202 2012 1417 2081 intelleximus,
1444 2027 1559 2092 certum
1584 2015 1686 2072 nullum

363 2114 476 2184 habuit,
504 2113 557 2171 sed
580 2113 755 2189 pendentem
779 2133 817 2171 ex
841 2131 964 2171 numero
991 2113 1189 2171 duoviralium
1217 2114 1269 2188 qui
1297 2115 1478 2172 adviverent.
1530 2113 1742 2176 Nominanx

362 2225 412 2272 tur
448 2215 478 2272 in
512 2215 582 2272 albo
615 2215 751 2272 homines
772 2214 897 2272 LXXII
930 2227 1086 2273 numerato
1120 2233 1156 2274 eo
1191 2217 1239 2273 eui
1273 2225 1373 2273 statua
1406 2215 1573 2274 dedicatur.
1625 2217 1742 2279 suun

363 2334 467 2375 essere
493 2316 602 2374 debent
629 2317 660 2374 in
687 2317 789 2374 ordine
817 2317 986 2376 sacerdotes
1009 2316 1130 2374 XLVII
1153 2317 1371 2392 (sacerdotales
1399 2317 1441 2386 11,
1471 2317 1613 2377 flamines
1636 2337 1742 2394 pet--

338 2401 444 2493 'patui
465 2418 632 2489 xxxvn,
659 2418 814 2496 paunteau
837 2419 913 2490 1111,
936 2437 1064 2494 augura
1087 2419 1177 2493 1111),
1207 2421 1401 2496 magistratus
1425 2419 1486 2476 vn
1516 2421 1659 2495 (curator
1685 2414 1742 2482 Ι,

362 2521 394 2578 II
418 2521 472 2577 viri
495 2521 538 2591 II,
569 2521 682 2579 aediles
703 2521 746 2591 ΙΙ,
773 2531 948 2596 quaestores
976 2521 1030 2595 ΙΙ),
1058 2521 1110 2578 sed
1138 2532 1169 2578 nt
1191 2523 1313 2596 quidam
1339 2530 1369 2578 et
1395 2523 1472 2579 inter
1499 2524 1735 2598 magistratu&

363 2635 393 2680 et
414 2623 492 2680 inter
514 2623 684 2680 sacerdotes
708 2623 897 2680 nominentur
919 2623 1095 2698 deficietque
1117 2642 1156 2680 ex
1179 2624 1391 2698 quaestoribus
1414 2624 1500 2681 alter.
1543 2621 1715 2683 Accedunt

362 2724 550 2782 duoviralicii
573 2724 646 2796 XII,
669 2725 795 2800 denique
817 2726 935 2801 patroni
957 2725 1048 2782 XIII.

1397 2827 1457 2886 Tu.
1480 2827 1656 2888 Mouusns.

789 4181 905 4239 Prodiit
927 4181 953 4238 d.
978 4179 1016 4237 22
1038 4181 1154 4257 Aprilis
1180 4181 1269 4240 1876.

1054 5139 1222 5146 .-—--.-—.-u-
1232 5139 1332 5146 ----—---

785 5187 887 5236 Formis
906 5185 1069 5236 Academias
1090 5186 1137 5248 (G.
1160 5185 1266 5250 Vogt).
