3496 5828
311 443 358 514 70
903 456 1050 508 888888

400 635 426 692 1.
471 630 575 690 Lanae
597 635 628 688 tc
649 630 789 690 Aventino
812 629 902 690 aedes
924 638 1032 707 postea
1055 627 1134 688 Solis
1156 637 1183 688 et
1202 627 1306 689 Lunae
1327 630 1415 689 dicta.
1459 629 1582 689 condita
1604 631 1650 690 di·

313 736 434 796 cebatur
460 732 604 795 8888818
627 732 738 791 Τ81118.
783 730 886 791 Lucae
913 750 1022 791 nomen
1049 739 1222 790 constanter
1248 731 1358 790 habent
1383 739 1474 792 testes
1501 733 1649 792 hemerol.

312 839 421 898 Praen.
446 835 485 896 28
507 835 595 895 Mart.
619 835 691 894 Tac.
715 835 793 893 Anu.
821 835 868 906 15,
892 834 928 892 41
952 833 1020 893 Liv.
1043 834 1093 905 40,
1117 832 1277 892 2711888.
1302 833 1331 906 5,
1355 835 1384 906 5,
1407 834 1424 894 8
1452 835 1584 894 incertus
1612 837 1651 896 de

313 941 368 998 vir.
392 939 435 998 ill.
458 939 507 998 85.
551 937 654 1014 itaque
678 936 715 994 ad
747 955 857 995 nomen
890 935 973 994 aedis
1006 953 1066 994 non
1098 936 1228 1012 pertinet
1263 936 1460 1012 fragmentum
1487 938 1604 995 editum
1632 961 1651 997 a

313 1043 501 1102 Mommseno
522 1039 542 1096 l.
565 1058 591 1098 c.
613 1057 643 1116 p.
667 1037 726 1096 412
750 1037 886 1096 ahiat
910 1036 1014 1113 [suta
1037 1047 1064 1096 ct
1084 1035 1224 1112 Lun[aa].
1267 1057 1327 1096 non
1351 1047 1398 1096 est
1420 1039 1500 1115 quod
1522 1039 1650 1099 demon·

314 1155 406 1204 stram
421 1149 596 1202 -constat
621 1141 700 1200 enim
727 1140 896 1198 certissimo
923 1138 1104 1198 Tertulliani
1133 1139 1304 1199 testimonio
1323 1173 1364 1182 —
1384 1158 1444 1197 non
1470 1159 1538 1200 esse
1567 1142 1651 1202 idem

312 1245 456 1322 templum
477 1243 551 1302 illud
568 1241 646 1302 Solia
668 1243 748 1318 apud
770 1246 876 1302 circum
898 1241 970 1317 (hoc
991 1241 1088 1300 estin
1111 1241 1203 1317 circo)
1225 1249 1487 1302 commemoratum
1503 1263 1521 1301 a
1536 1243 1652 1304 Tacito

314 1346 456 1419 118815,
473 1346 512 1404 74
535 1345 673 1422 aliisque.
691 1377 729 1388 -
746 1341 863 1402 Notitia
884 1343 1038 1420 regionum
1062 1342 1128 1402 sola
1149 1364 1172 1400 r.
1189 1343 1236 1401 XI
1257 1343 1348 1402 habet
1369 1345 1502 1420 templum
1523 1345 1605 1405 Solia
1627 1359 1654 1407 et

312 1449 426 1519 Lunae,
454 1447 534 1524 qnod
562 1465 631 1506 esse
658 1445 761 1506 aedem
776 1446 1021 1518 Aventineusem,
1044 1463 1104 1504 non
1126 1463 1242 1504 sacrum
1263 1443 1345 1506 Solis
1366 1446 1398 1504 18
1419 1446 1499 1506 circo
1522 1447 1651 1522 factum,

315 1551 410 1610 sensit
430 1549 584 1608 Prellerus
607 1548 678 1624 1188.
702 1565 730 1624 p.
757 1546 825 1619 192,
848 1547 918 1606 11881
940 1547 1108 1606 dubitanter
1129 1566 1192 1605 rem
1214 1556 1301 1606 extra
1327 1547 1545 1608 dubitationem
1570 1553 1653 1627 posi-

315 1661 376 1710 tam
398 1651 535 1728 tetigerit.
581 1650 653 1708 alibi
682 1651 785 1708 monui
807 1649 952 1710 Notitiam
982 1649 1104 1708 nomina
1131 1649 1264 1708 locorum
1292 1659 1321 1708 81
1347 1651 1558 1711 aedificiorum·
1579 1673 1654 1730 pro-

315 1755 381 1831 pria
403 1762 540 1813 accurate
563 1770 726 1830 exponere:
764 1751 817 1811 sed
844 1759 949 1810 contra
975 1751 1060 1810 illum
1082 1751 1213 1827 optimae
1241 1753 1346 1812 aetatis
1374 1753 1493 1813 testium
1521 1773 1655 1816 consen-

316 1876 383 1916 sum
406 1856 476 1932 quid
499 1855 579 1914 valet
601 1871 675 1912 usus
698 1856 806 1913 aetatis
829 1853 1019 1931 imperatoris
1042 1851 1255 1913 Constantini?
1276 1872 1304 1912 v.
1327 1875 1355 1914 u.
1380 1854 1408 1912 2.

399 1957 427 2016 2.
475 1958 602 2017 Castoris
631 1957 715 2016 aedes
743 1956 781 2013 ad
806 1956 906 2016 forum
932 1963 1002 2014 vota
1028 1975 1055 2015 a.
1083 1955 1143 2014 258
1173 1955 1310 2015 dedicata
1338 1977 1364 2015 a.
1394 1957 1454 2016 270
1482 1961 1653 2020 secundum

316 2059 470 2120 annalium
492 2059 676 2131 memoriam,
700 2058 829 2118 Castoris
851 2069 876 2117 81
897 2057 1027 2118 Pollucis
1053 2059 1173 2116 nomine
1201 2076 1239 2116 an
1262 2076 1402 2135 umquam
1430 2071 1483 2118 881
1503 2061 1656 2139 iuscripta

315 2173 368 2222 aut
393 2161 514 2239 proprie
541 2161 621 2220 dicta
643 2160 682 2219 sit
709 2160 862 2218 incertum.
906 2160 984 2218 idem
1018 2160 1099 2217 valet
1131 2160 1167 2218 de
1189 2158 1327 2220 Castoris
1359 2161 1433 2221 aede
1465 2163 1503 2220 ad
1534 2165 1654 2226 circum

315 2263 508 2324 Flaminium.
550 2261 730 2321 Tiberianae
752 2261 836 2320 aedis
858 2262 1085 2338 inscriptionem
1100 2272 1312 2320 commemorat
1326 2261 1388 2322 Dio
1404 2264 1454 2336 55,
1471 2263 1519 2339 27,
1543 2268 1599 2326 sed
1621 2279 1657 2327 ut

316 2369 353 2426 de
374 2367 496 2425 deorum
518 2363 687 2423 nominihus
707 2364 784 2422 nihil
799 2363 914 2422 doceat.
958 2383 1013 2424 nec
1028 2372 1146 2424 constat
1161 2364 1232 2422 mihi
1247 2363 1318 2439 quid
1334 2363 1522 2426 tribuendum
1538 2369 1580 2428 sit
1595 2371 1655 2429 Al-

317 2468 437 2527 bertiuii
460 2467 631 2527 testimonio
654 2465 762 2541 (deser.
787 2465 871 2524 urbis
894 2467 914 2523 f.
935 2466 1100 2524 XXXIVv
1122 2467 1153 2525 18
1176 2466 1294 2542 sylloge
1316 2467 1525 2544 Mazochiana)
1549 2471 1654 2530 dicen·

317 2571 356 2629 tis
371 2569 572 2645 Pomponium
586 2566 712 2627 Laetum
734 2567 879 2626 effossum
900 2567 933 2626 in
952 2569 1018 2626 loro
1034 2567 1146 2626 vidisse
1162 2568 1281 2626 titulum
1297 2568 1508 2628 dedicationis:
1531 2573 1569 2630 81.
1587 2573 1657 2632 Fea

316 2672 479 2730 Prodromo
494 2691 523 2748 p.
540 2671 587 2727 14.
625 2671 716 2728 verba
732 2669 810 2728 tituli
825 2688 886 2728 uon
901 2669 1011 2728 tradita
1026 2679 1105 2729 sunt.
1147 2679 1250 2728 notum
1266 2679 1312 2728 est
1326 2670 1451 2730 annales
1468 2672 1549 2747 (Liv.
1568 2673 1596 2747 2,
1610 2675 1654 2734 42

318 2773 393 2834 Oba.
418 2773 457 2833 68
479 2772 563 2848 8811.)
584 2772 667 2848 leges
698 2769 746 2846 (C.
770 2770 792 2829 1.
814 2769 850 2830 L.
876 2771 889 2828 1
914 2773 1096 2843 8.197,17.
1121 2770 1178 2830 201
1204 2772 1287 2848 8811.)
1315 2772 1443 2850 denique
1470 2772 1655 2838 Ciceronem

316 2884 492 2951 ceterosque
520 2874 683 2951 scriptores
710 2873 842 2950 optimae
868 2874 975 2932 aetatis
1001 2881 1172 2933 constanter
1202 2871 1331 2933 Castoris
1353 2893 1461 2933 nomen
1491 2895 1656 2955 usurpare,

318 2989 352 3036 ut
373 2979 464 3036 etiam
486 2978 563 3035 inter
584 2975 731 3034 formulas
748 2975 909 3034 sollemnes
929 2976 1062 3034 habitam
1085 2977 1125 3034 sit
1146 2976 1221 3034 illud
1239 2995 1295 3053 pro
1317 2978 1387 3036 cede
1405 2976 1534 3037 Castoris
1550 2979 1656 3055 (Fest.

318 3075 423 3154 246⁵).
468 3078 536 3137 huic
564 3078 678 3137 nomini
706 3077 827 3136 saeculo
854 3078 942 3136 tertio
970 3087 1114 3154 quartove
1141 3061 1335 3137 substitutum
1361 3088 1408 3138 est
1428 3097 1488 3138 888
1511 3079 1657 3144 Castoris

318 3191 347 3239 et
369 3180 515 3252 Pollucis,
543 3178 596 3239 sed
620 3179 779 3252 Castorum,
802 3179 883 3256 quod
905 3179 1024 3238 obvium
1050 3181 1081 3238 in
1107 3180 1193 3240 libris
1219 3181 1271 3240 illa
1297 3189 1393 3240 aetate
1420 3182 1551 3259 scriptis,
1579 3185 1656 3245 vitis

318 3283 532 3358 imperatorum
561 3282 645 3358 (hist.
668 3282 722 3355 Α.,
743 3282 899 3341 Maximin.
926 3281 962 3340 16
986 3280 1088 3340 Valer.
1115 3282 1146 3358 1)
1168 3283 1314 3342 chronicis
1344 3302 1370 3341 a.
1395 3283 1456 3342 354
1482 3293 1512 3343 81
1532 3283 1658 3345 Notitia

311 3385 486 3467 regionum:
514 3383 551 3442 81.
579 3384 748 3443 Mommsen
781 3383 819 3442 ad
851 3383 1008 3461 chronogr.
1037 3402 1066 3461 p.
1088 3383 1147 3443 652
1175 3385 1242 3444 adn.
1272 3386 1321 3444 43.
1370 3385 1508 3444 similiter
1535 3387 1658 3463 vulgari

319 3485 534 3545 consuetudine
561 3483 693 3544 Cererem
715 3485 826 3545 dictum
849 3503 967 3544 sacrum
988 3483 1108 3544 Cereris
1131 3495 1161 3543 et
1182 3485 1382 3563 Proserpinae
1404 3487 1492 3546 titulo
1509 3487 1658 3549 Africano

321 3589 475 3666 disputato
497 3588 535 3646 ab
558 3586 596 3647 Ο.
611 3587 817 3647 Hirschfeldio
839 3587 916 3647 Auo.
936 3587 1025 3659 1866,
1049 3587 1098 3645 51.
1142 3587 1201 3645 iarn
1224 3595 1257 3646 ut
1271 3587 1395 3666 Capuae
1411 3587 1508 3648 Corae
1522 3589 1660 3651 Tusculi

320 3691 390 3750 aliis
412 3691 488 3749 locis
510 3689 604 3749 luisse
626 3690 715 3748 aedes
732 3687 852 3748 Castori
875 3699 904 3748 et
925 3689 1044 3747 Polluci
1066 3689 1218 3748 dedicatas
1240 3700 1433 3749 monumenta
1454 3691 1577 3767 publica
1600 3714 1659 3771 op-

320 3793 446 3868 timique
469 3801 607 3850 auctores
629 3799 776 3850 testantur
802 3789 851 3866 (C.
867 3791 891 3848 I.
914 3789 950 3848 L.
970 3793 997 3861 1,
1020 3790 1090 3849 567.
1116 3791 1205 3850 1150.
1229 3789 1292 3850 Cic.
1317 3793 1353 3851 de
1375 3792 1434 3851 div.
1462 3796 1488 3865 1,
1511 3794 1563 3867 43,
1589 3794 1658 3871 98),

320 3895 363 3952 ita
378 3912 449 3951 8888
464 3911 513 3952 res
530 3893 698 3952 certissima
711 3893 827 3952 Romae
841 3891 878 3952 ad
900 3893 999 3950 forum
1023 3893 1090 3968 (nec
1105 3913 1164 3952 888
1180 3894 1219 3951 ad
1234 3894 1344 3952 circum
1361 3893 1557 3972 Flaminium)
1583 3907 1660 3958 tcm-

320 3995 402 4071 plum
424 3993 543 4070 utrique
565 3995 679 4054 numini
702 3994 870 4054 dedicatum
892 4013 970 4054 8888.
1015 3995 1109 4053 nihilo
1132 3996 1230 4054 minus
1258 4003 1375 4054 constat
1397 3997 1520 4056 alterius
1547 4000 1581 4058 id
1603 4019 1660 4058 no-

320 4082 404 4156 mine'
422 4116 481 4155 non
504 4096 603 4156 solum
629 4115 766 4156 sermone
794 4097 910 4173 vulgari
938 4095 991 4154 sed
1014 4098 1103 4155 etiam
1130 4097 1268 4156 sollemni
1291 4107 1427 4156 actorum
1448 4111 1662 4176 nuncupatum

321 4217 402 4258 esse:
433 4217 521 4274 quarn
549 4199 646 4276 legem
675 4217 741 4257 cum
772 4199 855 4258 solus
877 4199 1004 4258 Verrius
1026 4198 1155 4257 Flaccus
1182 4199 1385 4277 hemerologio
1412 4200 1450 4259 ad
1473 4201 1501 4258 d.
1526 4201 1565 4258 27
1590 4204 1661 4263 188.

323 4301 481 4360 declinavit
503 4300 660 4360 scribendo
683 4303 763 4360 aedis
786 4297 933 4375 [Castoris
955 4299 1137 4375 amplecte
1158 4300 1325 4376 dedicat[c]‚
1348 4301 1378 4358 in
1401 4302 1457 4360 hac
1479 4303 1564 4360 utin
1589 4305 1663 4366 81118

323 4401 412 4460 rebus
436 4402 663 4478 grammaticum
685 4419 718 4460 se
740 4401 891 4478 praestitit
906 4402 1060 4460 doctrinae
1081 4402 1198 4462 laudem
1213 4411 1390 4479 captantem.
1435 4423 1504 4462 nam
1523 4424 1598 4463 cave
1621 4426 1663 4467 ue

323 4504 502 4562 Amiternini
524 4522 643 4580 quoque
664 4505 839 4580 scriptorem
862 4503 965 4561 aedem
987 4504 1017 4560 in
1040 4505 1117 4561 circo
1139 4503 1290 4562 Flaminio
1313 4505 1392 4562 binis
1413 4506 1587 4565 nominibus
1611 4529 1664 4568 or-

324 4624 413 4664 nasse
435 4614 538 4682 putes:
568 4605 708 4666 nimirum
731 4605 811 4681 quod
833 4605 974 4680 ascripsit
996 4605 1034 4663 ad
1056 4606 1084 4662 d.
1110 4607 1146 4664 13
1163 4606 1242 4681 Aug.
1262 4606 1376 4665 Castori
1390 4606 1506 4666 Polluci
1527 4612 1557 4666 ta
1581 4614 1663 4670 circo

323 4707 471 4766 Flaminio
486 4727 546 4766 non
561 4707 692 4766 continet
707 4706 789 4765 aedis
806 4707 860 4766 sed
875 4706 951 4765 sacri
967 4709 1288 4766 commemorationem.
1313 4707 1417 4766 aedem
1437 4707 1568 4769 Castoris
1585 4711 1666 4771 dicit

323 4808 480 4868 Vitruvius
502 4810 531 4882 4,
553 4810 581 4882 8,
603 4810 631 4867 4.
675 4816 805 4869 ceterum
828 4817 900 4867 nota
922 4809 1018 4867 aedem
1035 4809 1165 4869 Castoris
1181 4809 1311 4869 Pollucis
1333 4810 1446 4868 omissa
1467 4811 1578 4888 copula
1601 4813 1665 4875 dici

324 4911 354 4970 in
377 4912 466 4970 titulo
489 4910 609 4970 Corano
632 4927 656 4969 s.
680 4929 704 4970 s.
728 4911 765 4970 de
787 4911 864 4970 cella
884 4929 944 4968 una
964 4909 1048 4969 aedis
1070 4910 1109 4969 ad
1130 4911 1226 4970 iorum
1249 4912 1324 4970 sitae
1346 4925 1453 4988 postea
1474 4913 1584 4974 dicam.

411 5013 438 5070 3.
483 5013 631 5088 Apollinis
654 5013 757 5071 aedem
781 5023 940 5088 antequam
961 5011 1045 5070 fieret
1063 5011 1204 5072 Palatina
1222 5013 1338 5072 Romae
1360 5034 1450 5074 unam
1472 5016 1567 5074 fuisse
1592 5029 1668 5078 ante

326 5121 443 5188 portam
471 5113 691 5172 Carmentalem
718 5121 837 5172 constat
859 5114 982 5172 Asconii
1011 5113 1180 5172 testimonio
1209 5133 1282 5174 saue
1310 5115 1416 5174 mirum
1444 5117 1475 5173 in
1497 5115 1622 5177 modurn
1646 5141 1668 5178 a
