3488 5828
380 505 543 558 svenosa
570 504 858 559 msomrrrorvvn
884 505 967 558 soar
993 505 1150 557 nouam.
1349 487 1423 558 259

97 680 265 739 Domitiani
288 687 419 758 tempore
440 697 501 738 non
523 697 590 738 esse
611 679 731 738 factam.
775 699 851 756 quae
872 698 937 738 eum
965 680 1008 737 ita
1029 680 1099 751 sint,
1122 680 1189 754 quis
1212 680 1366 755 negaverit
1386 699 1424 738 ue

98 783 185 840 basin
207 781 325 858 quidem
348 783 423 841 hanc
445 800 513 841 esse
535 782 683 858 equestris
705 789 823 842 statuae
845 781 1020 852 Domitiani,
1047 799 1139 858 posse
1162 798 1229 840 esse
1250 783 1319 858 equi
1343 781 1423 840 (lon-

99 883 242 943 stantini?
266 884 317 943 sed
340 895 452 943 certum
474 885 616 943 iudicium
639 894 701 942 tum
721 885 837 942 demum
860 884 931 942 ferri
953 884 1062 960 poterit
1083 902 1149 942 cum
1170 883 1251 942 latus
1274 883 1331 942 sori
1355 903 1422 961 sep-

99 987 278 1045 tentrionale
299 987 463 1045 redivivum
486 987 596 1045 sactum
619 988 667 1044 sit.
711 1005 786 1062 quas
808 996 907 1046 auteur
930 995 1043 1046 statuas
1066 995 1125 1044 tres
1148 985 1216 1043 illae
1238 986 1327 1043 bases
1350 986 1421 1045 vici-

96 1107 152 1147 nae
176 1089 388 1148 substructioni
404 1098 568 1147 rostrorum
584 1089 653 1146 olim
671 1089 863 1148 sustinuerint
883 1089 986 1147 dubito
1006 1108 1044 1146 an
1066 1105 1205 1164 umquam
1228 1089 1327 1163 possit
1341 1097 1423 1147 certa

97 1191 212 1249 ratione
234 1191 321 1262 ellici,
344 1209 523 1267 quamquam
547 1191 740 1268 probabiliter
754 1192 885 1250 conicias
907 1192 995 1250 bases
1011 1191 1046 1249 ab
1067 1191 1247 1248 sustinuisse
1269 1199 1422 1266 equestres

97 1301 224 1364 statuas,
247 1311 306 1352 non
329 1294 508 1352 sustinuisse
536 1295 621 1353 basin
644 1313 671 1352 c:
702 1293 809 1368 quodsi
831 1295 899 1368 quis
920 1293 968 1352 his
992 1293 1080 1352 rebus
1102 1293 1285 1368 pensitandis
1307 1293 1422 1352 Romae

95 1395 221 1453 multum
244 1396 387 1472 temporis
408 1395 593 1472 impenderit,
616 1396 741 1454 forsitan
765 1397 841 1452 inter
863 1395 965 1452 titulos
981 1396 1036 1452 hac
1058 1395 1177 1472 sylloge
1196 1395 1347 1454 conlectos
1370 1394 1419 1453 de·

97 1497 287 1572 prehenderit
315 1516 441 1572 quorum
471 1515 629 1556 mensurae
664 1497 815 1555 mensuris
848 1497 1039 1572 superstitum
1076 1497 1249 1555 nucleorum
1285 1498 1419 1575 apprime

97 1601 285 1658 conveniant.
328 1599 357 1657 id
381 1599 459 1676 quod
481 1600 570 1658 etiam
592 1600 628 1656 de
651 1600 694 1657 eis
717 1599 839 1658 basibus
862 1599 1017 1658 dicendum
1040 1619 1165 1675 quarum
1188 1617 1265 1658 nunc
1287 1599 1422 1658 facienda

93 1702 206 1760 mentio
228 1709 280 1760 est

177 1803 292 1861 Extant
313 1803 403 1880 igitur
424 1805 513 1862 bases
535 1803 671 1880 ingentes
693 1803 857 1878 quadratae
878 1813 946 1862 octo
973 1804 1125 1878 (nimirum
1148 1805 1245 1881 prima
1267 1822 1286 1861 a
1307 1805 1419 1880 templo

93 1905 155 1963 divi
188 1905 257 1964 Iulii
284 1907 449 1964 numeranti
477 1905 574 1964 medio
611 1924 685 1965 aevo
713 1925 750 1964 ex
777 1915 860 1982 parte
888 1923 1032 1964 conversa
1057 1906 1088 1964 in
1119 1906 1286 1966 aedilicium
1318 1908 1420 1965 nescio

92 2008 174 2083 quod
200 2007 237 2066 de
264 2027 323 2084 quo
349 2027 441 2086 supra
466 2007 610 2084 diximus)
637 2026 714 2084 quas
742 2012 819 2066 inter
840 2027 872 2066 se
894 2009 997 2083 aequis
1020 2009 1125 2083 spatiis
1146 2029 1184 2066 m.
1202 2009 1230 2081 6,
1243 2010 1282 2068 94
1305 2009 1417 2067 distare

89 2111 242 2186 lateraque
280 2110 370 2188 longa
409 2111 478 2187 plus
519 2111 615 2170 minus
656 2130 693 2169 m.
717 2112 746 2182 4,
766 2112 805 2169 45
847 2110 962 2168 habere
995 2109 1136 2168 adnotavi
1172 2112 1236 2188 ipse
1263 2111 1415 2170 dimensos

91 2231 118 2270 a.
146 2210 241 2270 1872:
264 2212 341 2271 altas
364 2230 429 2271 esse
451 2213 566 2271 circiter
588 2233 625 2271 m.
643 2215 672 2286 4,
684 2213 724 2270 00
746 2215 843 2289 imago
866 2213 1071 2288 photographa
1086 2213 1211 2272 maximi
1229 2213 1342 2272 moduli
1363 2214 1416 2272 do-

90 2325 147 2374 cet.
192 2315 414 2374 accuratissime
442 2315 478 2372 de
504 2315 631 2391 septima
659 2323 688 2374 et
714 2325 821 2374 octava
850 2333 915 2373 cum
943 2316 1069 2390 primum
1091 2314 1222 2374 detectae
1245 2325 1315 2376 sunt
1336 2337 1414 2376 anuo

92 2417 172 2474 1818
189 2415 355 2494 disputavit
371 2416 433 2474 Fea
448 2416 588 2492 (Varieta
608 2438 637 2494 p.
655 2419 690 2475 71
707 2419 771 2493 ss).
809 2436 845 2474 ac
861 2417 989 2494 primum
1005 2416 1124 2492 quidem
1140 2417 1175 2476 de
1196 2420 1293 2494 prima
1308 2438 1413 2478 versus

89 2517 272 2596 Capitolium
294 2519 351 2577 hoc
373 2528 500 2578 testatus
523 2529 580 2578 est:
604 2539 623 2578 a
646 2521 739 2596 quello
761 2519 957 2595 (pisdistallo)
978 2537 1058 2577 verso
1081 2519 1104 2575 il
1121 2520 1318 2596 Oanspidopiio
1335 2521 1413 2578 dallo

82 2631 171 2698 parte
194 2625 406 2680 intemnoscas
429 2621 452 2678 il
469 2623 634 2697 piedistallo
657 2641 811 2700 covnpayno
833 2625 859 2679 si
881 2639 949 2679 sono
971 2621 1065 2677 sedati
1085 2621 1133 2678 nel
1149 2625 1239 2696 plone
1266 2626 1412 2698 superiore

88 2726 145 2782 dus
167 2723 236 2780 belli
256 2727 350 2782 istessi
370 2723 448 2782 nella
460 2726 621 2799 grandense
643 2743 657 2782 e
678 2725 751 2782 nelle
769 2723 888 2800 parole;
910 2741 956 2779 nvo
978 2723 1117 2796 dfferenti
1137 2724 1215 2780 nelle
1229 2723 1368 2782 direzione
1383 2727 1414 2781 di

87 2843 148 2884 una
169 2843 245 2900 rupo
265 2825 312 2884 nel
334 2834 427 2884 cmtro
450 2845 464 2884 e
486 2827 516 2883 di
537 2845 595 2884 uun
612 2830 667 2902 piu
683 2827 800 2902 piacola
821 2827 895 2901 dopo
914 2839 1007 2895 oon„
1030 2829 1104 2883 cosi.-
1128 2839 1322 2884 osssxsoon.
1360 2826 1410 2882 ad-

87 2927 164 2986 didit
186 2927 304 2986 easdem
326 2927 442 2986 litteras
470 2946 501 2987 se
528 2929 677 2986 invenisse
699 2929 730 2986 in
752 2928 895 2986 lateribus
922 2927 1049 2984 aliorum
1072 2927 1282 2998 aedificiorum,
1309 2929 1413 3004 templi

86 3029 215 3088 Veneris
237 3037 266 3087 et
280 3029 403 3100 Romae,
427 3031 630 3088 arcuationum
652 3030 794 3088 basilicae
811 3029 1076 3089 constantinianae
1092 3029 1194 3104 (quam
1216 3029 1293 3088 falso
1309 3040 1413 3088 contra

84 3131 241 3208 Nibbyum
269 3151 324 3208 pro
352 3133 464 3209 templo
487 3133 576 3190 Pacis
606 3131 799 3207 venditavit);
826 3132 939 3190 omissa
964 3151 1037 3208 rapa
1063 3133 1183 3192 easdem
1210 3135 1239 3189 in
1268 3132 1411 3191 lateribus

85 3235 267 3293 thermarum
291 3233 542 3293 Diocletianarum
565 3235 674 3312 legisse
688 3235 875 3294 Fabrettium
896 3232 966 3306 520,
983 3233 1053 3306 317,
1075 3234 1144 3292 item
1166 3251 1221 3311 pro
1244 3242 1331 3292 sexto
1353 3236 1411 3294 ele·

85 3345 188 3394 mento
211 3337 290 3412 quod
313 3345 396 3395 estr
418 3338 617 3396 substitutor
640 3355 672 3395 se
694 3338 792 3413 ipsum
818 3337 846 3394 in
869 3336 1014 3395 lateribus
1038 3336 1108 3394 circi
1130 3335 1302 3395 Romuliani
1325 3347 1411 3395 extra

83 3449 203 3514 portam
225 3438 354 3514 Appiam
377 3438 477 3514 (quem
501 3437 674 3498 Caracallae
696 3439 774 3498 falso
796 3440 914 3497 nomine
937 3439 1026 3496 dixit:
1049 3458 1077 3495 v.
1100 3438 1180 3496 Feae
1202 3448 1233 3496 et
1254 3439 1411 3498 Bianconii

84 3558 163 3618 opus
185 3539 204 3597 f.
231 3539 320 3615 189);
349 3539 475 3614 denique
502 3561 561 3598 non
589 3551 726 3600 constare
757 3542 835 3600 unde
862 3541 985 3598 eandem
1013 3541 1236 3616 inscriptionem
1264 3541 1410 3600 Marinius

84 3642 171 3718 (Vat.
195 3661 222 3699 n.
242 3642 334 3717 1191)
357 3651 387 3699 et
407 3642 573 3701 Boldettius
596 3642 680 3717 (Osa.
697 3643 743 3700 sui
766 3663 838 3701 cem.
861 3664 889 3719 p.
908 3641 981 3718 528)
1005 3643 1195 3717 sumpserint.
1240 3643 1317 3700 addo
1340 3664 1408 3702 ean-

84 3745 151 3802 dem
176 3743 253 3818 (sine
274 3743 361 3820 rapa)
384 3763 477 3820 nuper
497 3755 644 3821 repertam
667 3763 735 3803 csse
756 3747 787 3803 in
809 3745 932 3802 basilica
953 3744 1032 3801 Iulia
1054 3753 1128 3802 teste
1150 3742 1312 3802 Laneianio
1327 3745 1407 3804 suli.

84 3844 154 3904 dell'
180 3846 246 3904 inst.
267 3845 356 3916 1871,
372 3844 431 3903 246
455 3847 617 3922 eodemque
640 3855 714 3904 teste
736 3847 766 3903 in
788 3847 931 3928 aedificiis
954 3846 1064 3903 saeculi
1087 3845 1165 3904 tertii
1188 3846 1219 3903 in
1238 3855 1337 3904 monte
1353 3848 1407 3905 115-

82 3948 199 4023 quilino
215 3947 293 4004 Ball.
311 3967 390 4006 mun.
410 3949 436 4018 1,
447 3947 494 4006 68.
512 3948 540 4018 3,
554 3948 602 4006 81.
625 3949 683 4006 iam
698 3957 816 4006 constat
828 3948 863 4005 de
879 3947 1080 4006 aedificiorum
1096 3965 1172 4022 quae
1187 3948 1406 4006 nominavimus

82 4051 200 4126 origine
215 4059 304 4126 atque
318 4050 403 4108 fatis:
420 4059 536 4108 constat
551 4050 725 4109 certissimis
741 4050 919 4108 testimoniis
936 4048 986 4124 (de
1002 4049 1110 4124 quibus
1125 4047 1237 4107 videsis
1249 4049 1326 4124 Top.
1336 4049 1364 4120 2,
1375 4050 1406 4124 7)

83 4152 241 4210 aedificata
261 4169 329 4210 esse
342 4152 450 4210 circum
466 4159 495 4210 et
516 4153 671 4210 basilicam
694 4173 712 4209 n
727 4152 890 4221 Maxentio,
913 4151 1048 4210 dedicata
1070 4170 1088 4207 a
1103 4148 1300 4210 Constantino
1322 4151 1406 4208 illum

84 4273 110 4311 a.
137 4253 195 4312 309
219 4253 296 4312 hano
318 4273 395 4311 anno
418 4255 540 4326 incerto,
563 4255 632 4312 item
654 4253 758 4312 eodem
781 4254 943 4330 imperante
965 4252 1107 4330 templum
1129 4252 1241 4310 Romae
1264 4262 1293 4310 et
1308 4251 1406 4311 Vene-

80 4357 125 4414 ris
147 4356 290 4414 relectum
313 4374 381 4414 esse
410 4365 479 4433 post
504 4356 688 4427 incendium,
714 4356 878 4432 imperante
902 4355 1091 4413 Diocletiano
1118 4355 1212 4413 factas
1240 4373 1307 4414 esse
1327 4356 1405 4414 ther·

81 4475 148 4516 mas
171 4458 299 4516 nominis
323 4459 401 4530 eius,
430 4459 570 4518 reiectam
593 4476 661 4517 esse
682 4458 837 4516 basilicam
864 4459 970 4516 Iuliam
997 4457 1040 4532 (v.
1063 4467 1131 4516 acta
1152 4458 1257 4514 horum
1279 4458 1407 4534 impera-

80 4571 180 4619 torum
202 4561 367 4636 composita
390 4562 428 4618 ib.
453 4580 481 4636 p.
499 4563 532 4618 31
550 4559 600 4636 s).
643 4578 734 4636 quare
761 4580 826 4618 cum
849 4570 936 4618 extra
962 4564 1192 4618 controversiam
1215 4561 1344 4636 positum
1368 4561 1406 4618 sit

80 4661 272 4721 Diocletiano
303 4660 560 4738 Constantinoque
590 4662 804 4738 imperantibus
837 4662 1024 4720 aedificatum
1052 4679 1120 4721 esse
1153 4661 1262 4738 tegulis
1295 4663 1404 4738 quibus

79 4771 170 4822 notae
192 4779 376 4822 orrsnsooru
399 4766 561 4842 impressae
584 4774 661 4835 sunt,
688 4765 781 4822 eidem
805 4765 930 4841 tempori
959 4765 1109 4823 latericias
1132 4765 1220 4822 bases
1242 4763 1404 4821 attribuen-

80 4867 138 4924 dae
160 4877 239 4937 sunt,
260 4867 291 4923 in
313 4868 421 4942 quibus
442 4875 614 4944 comparent
640 4866 759 4924 eaedem
783 4877 879 4926 notae.
923 4885 1000 4943 quae
1026 4866 1213 4925 ratiocinatio
1236 4866 1320 4922 nulla
1342 4885 1403 4923 um-

79 4987 172 5045 quam
198 4977 335 5026 notarum
367 4969 464 5026 adhuc
490 4969 646 5028 dubiarum
679 4969 924 5046 interpretatione
944 4969 1066 5045 infringi
1088 4969 1206 5046 poterit.
1251 4985 1286 5024 ac
1307 4967 1404 5041 prima

79 5071 199 5148 quidem
228 5069 358 5146 quinque
384 5070 530 5128 elementa
556 5073 608 5130 vix
635 5071 756 5129 dubium
784 5081 830 5130 est
855 5071 928 5147 quin
954 5071 1122 5147 significent
1144 5065 1292 5144 off(icloa)
1314 5067 1403 5143 a(um·

79 5172 204 5248 maram)
231 5169 397 5248 r(atlonum)
414 5205 451 5214 -
469 5191 529 5249 qua
556 5175 591 5232 de
618 5193 649 5232 re
676 5193 702 5232 v.
725 5173 787 5232 Fea
808 5175 828 5231 l.
851 5193 875 5232 e.
893 5194 946 5244 —3
970 5173 1025 5233 sed
1051 5191 1128 5250 quae
1158 5179 1324 5247 sequuntur
1352 5171 1404 5229 alii
