<?xml version="1.0" encoding="UTF-8"?>
<!DOCTYPE html PUBLIC "-//W3C//DTD XHTML 1.0 Transitional//EN"
    "http://www.w3.org/TR/xhtml1/DTD/xhtml1-transitional.dtd">
<html xmlns="http://www.w3.org/1999/xhtml" xml:lang="en" lang="en">
 <head>
  <title>
</title>
<meta http-equiv="Content-Type" content="text/html;charset=utf-8" />
  <meta name='ocr-system' content='tesseract 3.04.00' />
  <meta name='ocr-capabilities' content='ocr_page ocr_carea ocr_par ocr_line ocrx_word'/>
</head>
<body>
  <div class='ocr_page' id='page_1' title='image "./ephemerisepigra02henzgoog_0090.png"; bbox 0 0 3496 5828; ppageno 0'>
   <div class='ocr_carea' id='block_1_1' title="bbox 425 475 1370 546">
    <p class='ocr_par' dir='ltr' id='par_1_1' title="bbox 425 475 1370 546">
     <span class='ocr_line' id='line_1_1' title="bbox 425 475 1370 546; baseline 0.007 -8"><span class='ocrx_word' id='word_1_1' title='bbox 425 489 475 538; x_wconf 83' lang='lat' dir='ltr'><strong>na</strong></span> <span class='ocrx_word' id='word_1_2' title='bbox 502 487 630 540; x_wconf 83' lang='lat' dir='ltr'><strong>ussuus</strong></span> <span class='ocrx_word' id='word_1_3' title='bbox 657 488 989 542; x_wconf 81' lang='lat' dir='ltr'><strong>sacuenousauuvs.</strong></span> <span class='ocrx_word' id='word_1_4' title='bbox 1324 475 1370 546; x_wconf 88' lang='grc'><strong>75</strong></span> 
     </span>
    </p>
   </div>
   <div class='ocr_carea' id='block_1_2' title="bbox 24 662 1379 3190">
    <p class='ocr_par' dir='ltr' id='par_1_2' title="bbox 24 662 1379 3190">
     <span class='ocr_line' id='line_1_2' title="bbox 76 662 1374 740; baseline 0.003 -20"><span class='ocrx_word' id='word_1_5' title='bbox 76 672 120 736; x_wconf 90' lang='lat' dir='ltr'><strong>rat,</strong></span> <span class='ocrx_word' id='word_1_6' title='bbox 140 662 296 738; x_wconf 77' lang='lat' dir='ltr'><strong>auguribus</strong></span> <span class='ocrx_word' id='word_1_7' title='bbox 324 679 392 721; x_wconf 89' lang='lat' dir='ltr'><strong>esse</strong></span> <span class='ocrx_word' id='word_1_8' title='bbox 420 662 646 735; x_wconf 87' lang='lat' dir='ltr'><strong>adscribendas,</strong></span> <span class='ocrx_word' id='word_1_9' title='bbox 679 682 766 722; x_wconf 89' lang='lat' dir='ltr'><strong>nemo</strong></span> <span class='ocrx_word' id='word_1_10' title='bbox 794 664 902 740; x_wconf 88' lang='lat' dir='ltr'>opinor</span> <span class='ocrx_word' id='word_1_11' title='bbox 930 663 987 722; x_wconf 90' lang='lat' dir='ltr'><strong>sibi</strong></span> <span class='ocrx_word' id='word_1_12' title='bbox 1016 663 1217 740; x_wconf 77' lang='lat' dir='ltr'><strong>persuadebit.</strong></span> <span class='ocrx_word' id='word_1_13' title='bbox 1267 667 1374 724; x_wconf 87' lang='lat' dir='ltr'><strong>Altera</strong></span> 
     </span>
     <span class='ocr_line' id='line_1_3' title="bbox 77 763 1373 843; baseline 0.004 -21"><span class='ocrx_word' id='word_1_14' title='bbox 77 784 166 841; x_wconf 90' lang='lat' dir='ltr'><strong>quoque</strong></span> <span class='ocrx_word' id='word_1_15' title='bbox 198 764 364 824; x_wconf 80' lang='lat' dir='ltr'><strong>similitudo</strong></span> <span class='ocrx_word' id='word_1_16' title='bbox 395 783 472 840; x_wconf 89' lang='lat' dir='ltr'><strong>quae</strong></span> <span class='ocrx_word' id='word_1_17' title='bbox 498 765 655 824; x_wconf 84' lang='lat' dir='ltr'><strong>intercedit</strong></span> <span class='ocrx_word' id='word_1_18' title='bbox 681 765 758 824; x_wconf 88' lang='lat' dir='ltr'><strong>inter</strong></span> <span class='ocrx_word' id='word_1_19' title='bbox 785 763 1010 824; x_wconf 80' lang='lat' dir='ltr'><strong>Henneniauum</strong></span> <span class='ocrx_word' id='word_1_20' title='bbox 1038 767 1235 843; x_wconf 76' lang='lat' dir='ltr'><strong>fragmentum</strong></span> <span class='ocrx_word' id='word_1_21' title='bbox 1264 765 1373 827; x_wconf 81' lang='lat' dir='ltr'><strong>Grute-</strong></span> 
     </span>
     <span class='ocr_line' id='line_1_4' title="bbox 77 845 1374 944; baseline 0.002 -18"><span class='ocrx_word' id='word_1_22' title='bbox 77 869 219 944; x_wconf 84' lang='lat' dir='ltr'><strong>rimamque</strong></span> <span class='ocrx_word' id='word_1_23' title='bbox 241 867 373 926; x_wconf 90' lang='lat' dir='ltr'><strong>tabulam</strong></span> <span class='ocrx_word' id='word_1_24' title='bbox 390 900 428 910; x_wconf 92' lang='lat'><em>-</em></span> <span class='ocrx_word' id='word_1_25' title='bbox 445 885 513 926; x_wconf 89' lang='lat' dir='ltr'><strong>uam</strong></span> <span class='ocrx_word' id='word_1_26' title='bbox 537 868 575 926; x_wconf 84' lang='lat' dir='ltr'><strong>au</strong></span> <span class='ocrx_word' id='word_1_27' title='bbox 590 845 825 926; x_wconf 74' lang='lat' dir='ltr'><strong>bfuratorianam</strong></span> <span class='ocrx_word' id='word_1_28' title='bbox 848 869 979 928; x_wconf 87' lang='lat' dir='ltr'><strong>tabulam</strong></span> <span class='ocrx_word' id='word_1_29' title='bbox 1003 870 1078 928; x_wconf 86' lang='lat' dir='ltr'><strong>haec</strong></span> <span class='ocrx_word' id='word_1_30' title='bbox 1099 886 1148 928; x_wconf 89' lang='lat' dir='ltr'><strong>res</strong></span> <span class='ocrx_word' id='word_1_31' title='bbox 1171 870 1291 928; x_wconf 90' lang='lat' dir='ltr'><strong>omnino</strong></span> <span class='ocrx_word' id='word_1_32' title='bbox 1314 889 1374 929; x_wconf 90' lang='lat' dir='ltr'><strong>non</strong></span> 
     </span>
     <span class='ocr_line' id='line_1_5' title="bbox 79 969 1372 1044; baseline 0.003 -18"><span class='ocrx_word' id='word_1_33' title='bbox 79 978 213 1044; x_wconf 88' lang='lat' dir='ltr'><strong>spectat-</strong></span> <span class='ocrx_word' id='word_1_34' title='bbox 230 987 289 1028; x_wconf 91' lang='lat' dir='ltr'><strong>non</strong></span> <span class='ocrx_word' id='word_1_35' title='bbox 306 969 429 1028; x_wconf 89' lang='lat' dir='ltr'><strong>maioris</strong></span> <span class='ocrx_word' id='word_1_36' title='bbox 450 971 594 1028; x_wconf 88' lang='lat' dir='ltr'><strong>momenti</strong></span> <span class='ocrx_word' id='word_1_37' title='bbox 614 970 686 1028; x_wconf 89' lang='lat' dir='ltr'><strong>mibi</strong></span> <span class='ocrx_word' id='word_1_38' title='bbox 708 987 776 1028; x_wconf 89' lang='lat' dir='ltr'><strong>esse</strong></span> <span class='ocrx_word' id='word_1_39' title='bbox 793 969 917 1029; x_wconf 87' lang='lat' dir='ltr'><strong>videtur.</strong></span> <span class='ocrx_word' id='word_1_40' title='bbox 954 971 990 1028; x_wconf 92' lang='lat' dir='ltr'><strong>ln</strong></span> <span class='ocrx_word' id='word_1_41' title='bbox 1006 971 1143 1029; x_wconf 89' lang='lat' dir='ltr'><strong>decurias</strong></span> <span class='ocrx_word' id='word_1_42' title='bbox 1163 971 1259 1030; x_wconf 90' lang='lat' dir='ltr'><strong>fuisse</strong></span> <span class='ocrx_word' id='word_1_43' title='bbox 1274 971 1372 1031; x_wconf 92' lang='lat' dir='ltr'><strong>distri-</strong></span> 
     </span>
     <span class='ocr_line' id='line_1_6' title="bbox 78 1071 1373 1151; baseline 0 -21"><span class='ocrx_word' id='word_1_44' title='bbox 78 1074 126 1130; x_wconf 89' lang='lat' dir='ltr'><strong>buta</strong></span> <span class='ocrx_word' id='word_1_45' title='bbox 142 1072 266 1151; x_wconf 88' lang='lat' dir='ltr'><strong>collegia</strong></span> <span class='ocrx_word' id='word_1_46' title='bbox 287 1071 323 1128; x_wconf 90' lang='lat' dir='ltr'><strong>ad</strong></span> <span class='ocrx_word' id='word_1_47' title='bbox 346 1089 423 1148; x_wconf 85' lang='lat' dir='ltr'><strong>quae</strong></span> <span class='ocrx_word' id='word_1_48' title='bbox 444 1071 642 1148; x_wconf 77' lang='lat' dir='ltr'><strong>fragmentum</strong></span> <span class='ocrx_word' id='word_1_49' title='bbox 664 1071 891 1131; x_wconf 88' lang='lat' dir='ltr'><strong>Henzenianum</strong></span> <span class='ocrx_word' id='word_1_50' title='bbox 919 1083 949 1132; x_wconf 91' lang='lat' dir='ltr'><strong>et</strong></span> <span class='ocrx_word' id='word_1_51' title='bbox 973 1073 1077 1132; x_wconf 90' lang='lat' dir='ltr'><strong>tabula</strong></span> <span class='ocrx_word' id='word_1_52' title='bbox 1099 1071 1283 1132; x_wconf 87' lang='lat' dir='ltr'><strong>Gruteriana</strong></span> <span class='ocrx_word' id='word_1_53' title='bbox 1308 1093 1373 1150; x_wconf 89' lang='lat' dir='ltr'><strong>per-</strong></span> 
     </span>
     <span class='ocr_line' id='line_1_7' title="bbox 79 1173 1373 1252; baseline 0.002 -20"><span class='ocrx_word' id='word_1_54' title='bbox 79 1175 162 1233; x_wconf 86' lang='lat' dir='ltr'><strong>tineant</strong></span> <span class='ocrx_word' id='word_1_55' title='bbox 185 1192 226 1233; x_wconf 87' lang='lat' dir='ltr'><strong>ex</strong></span> <span class='ocrx_word' id='word_1_56' title='bbox 253 1173 329 1251; x_wconf 91' lang='lat' dir='ltr'><strong>ipsis</strong></span> <span class='ocrx_word' id='word_1_57' title='bbox 357 1174 556 1233; x_wconf 80' lang='lat' dir='ltr'><strong>marmoribus</strong></span> <span class='ocrx_word' id='word_1_58' title='bbox 583 1184 721 1250; x_wconf 81' lang='lat' dir='ltr'><strong>apparet3</strong></span> <span class='ocrx_word' id='word_1_59' title='bbox 748 1174 800 1233; x_wconf 91' lang='lat' dir='ltr'><strong>sed</strong></span> <span class='ocrx_word' id='word_1_60' title='bbox 827 1193 880 1234; x_wconf 91' lang='lat' dir='ltr'><strong>cur</strong></span> <span class='ocrx_word' id='word_1_61' title='bbox 908 1181 1076 1234; x_wconf 91' lang='lat' dir='ltr'><strong>statuamus</strong></span> <span class='ocrx_word' id='word_1_62' title='bbox 1102 1175 1199 1235; x_wconf 90' lang='lat' dir='ltr'><strong>solum</strong></span> <span class='ocrx_word' id='word_1_63' title='bbox 1229 1193 1373 1252; x_wconf 85' lang='lat' dir='ltr'><strong>augurum</strong></span> 
     </span>
     <span class='ocr_line' id='line_1_8' title="bbox 79 1275 1374 1354; baseline 0.001 -19"><span class='ocrx_word' id='word_1_64' title='bbox 79 1276 202 1353; x_wconf 83' lang='lat' dir='ltr'><strong>collegium</strong></span> <span class='ocrx_word' id='word_1_65' title='bbox 223 1277 255 1334; x_wconf 91' lang='lat' dir='ltr'><strong>in</strong></span> <span class='ocrx_word' id='word_1_66' title='bbox 277 1277 416 1336; x_wconf 88' lang='lat' dir='ltr'><strong>decurias</strong></span> <span class='ocrx_word' id='word_1_67' title='bbox 438 1276 532 1336; x_wconf 89' lang='lat' dir='ltr'><strong>fuisse</strong></span> <span class='ocrx_word' id='word_1_68' title='bbox 554 1275 755 1348; x_wconf 90' lang='lat' dir='ltr'><strong>distributum,</strong></span> <span class='ocrx_word' id='word_1_69' title='bbox 777 1295 836 1334; x_wconf 90' lang='lat' dir='ltr'><strong>nou</strong></span> <span class='ocrx_word' id='word_1_70' title='bbox 859 1276 986 1352; x_wconf 79' lang='lat' dir='ltr'><strong>vide01).</strong></span> <span class='ocrx_word' id='word_1_71' title='bbox 1030 1278 1136 1354; x_wconf 90' lang='lat' dir='ltr'><strong>Itaque</strong></span> <span class='ocrx_word' id='word_1_72' title='bbox 1159 1278 1279 1336; x_wconf 85' lang='lat' dir='ltr'><strong>tabulae</strong></span> <span class='ocrx_word' id='word_1_73' title='bbox 1296 1275 1374 1336; x_wconf 86' lang='lat' dir='ltr'><strong>Gru·</strong></span> 
     </span>
     <span class='ocr_line' id='line_1_9' title="bbox 79 1375 1375 1457; baseline 0.002 -21"><span class='ocrx_word' id='word_1_74' title='bbox 79 1380 162 1436; x_wconf 84' lang='lat' dir='ltr'><strong>terium</strong></span> <span class='ocrx_word' id='word_1_75' title='bbox 186 1397 216 1454; x_wconf 89' lang='lat' dir='ltr'><strong>p.</strong></span> <span class='ocrx_word' id='word_1_76' title='bbox 234 1378 337 1450; x_wconf 88' lang='lat'><strong>300,1</strong></span> <span class='ocrx_word' id='word_1_77' title='bbox 367 1387 397 1438; x_wconf 91' lang='lat' dir='ltr'><strong>et</strong></span> <span class='ocrx_word' id='word_1_78' title='bbox 422 1377 625 1438; x_wconf 87' lang='lat' dir='ltr'><strong>Muratoriana</strong></span> <span class='ocrx_word' id='word_1_79' title='bbox 653 1398 682 1455; x_wconf 89' lang='lat' dir='ltr'><strong>p.</strong></span> <span class='ocrx_word' id='word_1_80' title='bbox 700 1377 804 1451; x_wconf 75' lang='lat' dir='ltr'><strong>atqu</strong></span> <span class='ocrx_word' id='word_1_81' title='bbox 834 1379 898 1438; x_wconf 91' lang='lat' dir='ltr'><strong>sine</strong></span> <span class='ocrx_word' id='word_1_82' title='bbox 925 1379 1035 1438; x_wconf 90' lang='lat' dir='ltr'><strong>idonea</strong></span> <span class='ocrx_word' id='word_1_83' title='bbox 1061 1397 1153 1438; x_wconf 88' lang='lat' dir='ltr'><strong>eausa</strong></span> <span class='ocrx_word' id='word_1_84' title='bbox 1178 1375 1261 1439; x_wconf 87' lang='lat' dir='ltr'><strong>‘fasti</strong></span> <span class='ocrx_word' id='word_1_85' title='bbox 1283 1397 1375 1457; x_wconf 89' lang='lat' dir='ltr'><strong>augu-</strong></span> 
     </span>
     <span class='ocr_line' id='line_1_10' title="bbox 79 1475 1375 1540; baseline 0.002 -2"><span class='ocrx_word' id='word_1_86' title='bbox 79 1475 131 1538; x_wconf 88' lang='lat' dir='ltr'><strong>run&#39;</strong></span> <span class='ocrx_word' id='word_1_87' title='bbox 150 1480 249 1539; x_wconf 84' lang='lat' dir='ltr'><strong>vocari</strong></span> <span class='ocrx_word' id='word_1_88' title='bbox 271 1481 342 1539; x_wconf 92' lang='lat' dir='ltr'><strong>mihi</strong></span> <span class='ocrx_word' id='word_1_89' title='bbox 364 1481 510 1540; x_wconf 88' lang='lat' dir='ltr'><strong>videntur.</strong></span> <span class='ocrx_word' id='word_1_90' title='bbox 555 1479 702 1540; x_wconf 81' lang='lat' dir='ltr'><strong>Tabulam</strong></span> <span class='ocrx_word' id='word_1_91' title='bbox 730 1488 829 1540; x_wconf 89' lang='lat' dir='ltr'><strong>autem</strong></span> <span class='ocrx_word' id='word_1_92' title='bbox 858 1479 1069 1540; x_wconf 86' lang='lat' dir='ltr'><strong>Gruterianam</strong></span> <span class='ocrx_word' id='word_1_93' title='bbox 1096 1500 1156 1540; x_wconf 90' lang='lat' dir='ltr'><strong>non</strong></span> <span class='ocrx_word' id='word_1_94' title='bbox 1183 1482 1281 1540; x_wconf 90' lang='lat' dir='ltr'><strong>solum</strong></span> <span class='ocrx_word' id='word_1_95' title='bbox 1311 1482 1375 1540; x_wconf 88' lang='lat' dir='ltr'><strong>sino</strong></span> 
     </span>
     <span class='ocr_line' id='line_1_11' title="bbox 79 1581 1374 1660; baseline 0.002 -20"><span class='ocrx_word' id='word_1_96' title='bbox 79 1600 151 1652; x_wconf 83' lang='lat' dir='ltr'><strong>nuta,</strong></span> <span class='ocrx_word' id='word_1_97' title='bbox 171 1581 222 1642; x_wconf 89' lang='lat' dir='ltr'><strong>sed</strong></span> <span class='ocrx_word' id='word_1_98' title='bbox 245 1582 335 1640; x_wconf 88' lang='lat' dir='ltr'><strong>etiam</strong></span> <span class='ocrx_word' id='word_1_99' title='bbox 357 1582 434 1642; x_wconf 89' lang='lat' dir='ltr'><strong>falso</strong></span> <span class='ocrx_word' id='word_1_100' title='bbox 456 1583 619 1660; x_wconf 86' lang='lat' dir='ltr'><strong>auguribus</strong></span> <span class='ocrx_word' id='word_1_101' title='bbox 643 1583 775 1654; x_wconf 87' lang='lat' dir='ltr'><strong>attribui,</strong></span> <span class='ocrx_word' id='word_1_102' title='bbox 798 1603 864 1642; x_wconf 91' lang='lat' dir='ltr'><strong>cum</strong></span> <span class='ocrx_word' id='word_1_103' title='bbox 887 1585 925 1642; x_wconf 92' lang='lat' dir='ltr'><strong>ad</strong></span> <span class='ocrx_word' id='word_1_104' title='bbox 947 1583 1028 1642; x_wconf 90' lang='lat' dir='ltr'><strong>aliud</strong></span> <span class='ocrx_word' id='word_1_105' title='bbox 1044 1583 1193 1660; x_wconf 88' lang='lat' dir='ltr'><strong>quoddam</strong></span> <span class='ocrx_word' id='word_1_106' title='bbox 1216 1583 1374 1660; x_wconf 84' lang='lat' dir='ltr'><strong>collegium</strong></span> 
     </span>
     <span class='ocr_line' id='line_1_12' title="bbox 80 1685 644 1762; baseline 0 -20"><span class='ocrx_word' id='word_1_107' title='bbox 80 1685 204 1758; x_wconf 87' lang='lat' dir='ltr'><strong>pertineat,</strong></span> <span class='ocrx_word' id='word_1_108' title='bbox 228 1685 426 1744; x_wconf 89' lang='lat' dir='ltr'><strong>demonstrari</strong></span> <span class='ocrx_word' id='word_1_109' title='bbox 447 1703 541 1762; x_wconf 90' lang='lat' dir='ltr'><strong>posse</strong></span> <span class='ocrx_word' id='word_1_110' title='bbox 563 1693 644 1762; x_wconf 89' lang='lat' dir='ltr'><strong>puto.</strong></span> 
     </span>
     <span class='ocr_line' id='line_1_13' title="bbox 137 1785 1375 1864; baseline -0.002 -17"><span class='ocrx_word' id='word_1_111' title='bbox 137 1786 302 1847; x_wconf 88' lang='lat' dir='ltr'><strong>Secundum</strong></span> <span class='ocrx_word' id='word_1_112' title='bbox 328 1785 459 1845; x_wconf 89' lang='lat' dir='ltr'><strong>tabulam</strong></span> <span class='ocrx_word' id='word_1_113' title='bbox 483 1785 693 1848; x_wconf 87' lang='lat' dir='ltr'><strong>Gruterianam</strong></span> <span class='ocrx_word' id='word_1_114' title='bbox 721 1786 802 1864; x_wconf 91' lang='lat' dir='ltr'><strong>quod</strong></span> <span class='ocrx_word' id='word_1_115' title='bbox 830 1788 860 1846; x_wconf 92' lang='lat' dir='ltr'><strong>in</strong></span> <span class='ocrx_word' id='word_1_116' title='bbox 894 1788 993 1846; x_wconf 91' lang='lat' dir='ltr'><strong>locum</strong></span> <span class='ocrx_word' id='word_1_117' title='bbox 1027 1786 1159 1848; x_wconf 89' lang='lat' dir='ltr'><strong>Neronis</strong></span> <span class='ocrx_word' id='word_1_118' title='bbox 1186 1787 1375 1864; x_wconf 86' lang='lat' dir='ltr'><strong>imperatoris</strong></span> 
     </span>
     <span class='ocr_line' id='line_1_14' title="bbox 81 1887 1375 1967; baseline 0.002 -23"><span class='ocrx_word' id='word_1_119' title='bbox 81 1887 177 1947; x_wconf 82' lang='lat' dir='ltr'><strong>defuncti</strong></span> <span class='ocrx_word' id='word_1_120' title='bbox 200 1909 227 1947; x_wconf 88' lang='lat' dir='ltr'><strong>a.</strong></span> <span class='ocrx_word' id='word_1_121' title='bbox 251 1909 279 1966; x_wconf 94' lang='lat' dir='ltr'><strong>p.</strong></span> <span class='ocrx_word' id='word_1_122' title='bbox 304 1887 375 1948; x_wconf 87' lang='lat' dir='ltr'><strong>Chr.</strong></span> <span class='ocrx_word' id='word_1_123' title='bbox 400 1888 438 1948; x_wconf 88' lang='lat'><strong>68</strong></span> <span class='ocrx_word' id='word_1_124' title='bbox 462 1889 593 1948; x_wconf 86' lang='lat' dir='ltr'><strong>Rutilius</strong></span> <span class='ocrx_word' id='word_1_125' title='bbox 617 1888 754 1949; x_wconf 86' lang='lat' dir='ltr'><strong>Gallicus</strong></span> <span class='ocrx_word' id='word_1_126' title='bbox 777 1897 934 1967; x_wconf 85' lang='lat' dir='ltr'><strong>cooptatus</strong></span> <span class='ocrx_word' id='word_1_127' title='bbox 957 1897 1013 1960; x_wconf 88' lang='lat' dir='ltr'><strong>est,</strong></span> <span class='ocrx_word' id='word_1_128' title='bbox 1040 1909 1099 1948; x_wconf 92' lang='lat' dir='ltr'><strong>non</strong></span> <span class='ocrx_word' id='word_1_129' title='bbox 1125 1889 1174 1966; x_wconf 91' lang='lat' dir='ltr'><strong>qui</strong></span> <span class='ocrx_word' id='word_1_130' title='bbox 1197 1890 1227 1948; x_wconf 91' lang='lat' dir='ltr'><strong>in</strong></span> <span class='ocrx_word' id='word_1_131' title='bbox 1249 1890 1375 1966; x_wconf 87' lang='lat' dir='ltr'><strong>imperio</strong></span> 
     </span>
     <span class='ocr_line' id='line_1_15' title="bbox 24 1988 1376 2068; baseline 0.001 -22"><span class='ocrx_word' id='word_1_132' title='bbox 24 1997 25 2000; x_wconf 76' lang='grc'>’</span> <span class='ocrx_word' id='word_1_133' title='bbox 82 1990 244 2050; x_wconf 84' lang='lat' dir='ltr'><strong>eiauccessit</strong></span> <span class='ocrx_word' id='word_1_134' title='bbox 267 1988 377 2061; x_wconf 83' lang='lat' dir='ltr'><strong>Galba,</strong></span> <span class='ocrx_word' id='word_1_135' title='bbox 403 1991 558 2050; x_wconf 91' lang='lat' dir='ltr'><strong>commode</strong></span> <span class='ocrx_word' id='word_1_136' title='bbox 581 1991 715 2068; x_wconf 85' lang='lat' dir='ltr'><strong>expediri</strong></span> <span class='ocrx_word' id='word_1_137' title='bbox 741 2011 801 2050; x_wconf 90' lang='lat' dir='ltr'><strong>non</strong></span> <span class='ocrx_word' id='word_1_138' title='bbox 827 1999 927 2068; x_wconf 90' lang='lat' dir='ltr'><strong>potest</strong></span> <span class='ocrx_word' id='word_1_139' title='bbox 953 1991 1011 2050; x_wconf 91' lang='lat' dir='ltr'><strong>nisi</strong></span> <span class='ocrx_word' id='word_1_140' title='bbox 1039 2001 1072 2050; x_wconf 89' lang='lat' dir='ltr'><strong>ut</strong></span> <span class='ocrx_word' id='word_1_141' title='bbox 1098 2001 1274 2060; x_wconf 89' lang='lat' dir='ltr'><strong>statuamus,</strong></span> <span class='ocrx_word' id='word_1_142' title='bbox 1301 1988 1376 2049; x_wconf 88' lang='lat' dir='ltr'><strong>Gal·</strong></span> 
     </span>
     <span class='ocr_line' id='line_1_16' title="bbox 82 2091 1376 2170; baseline 0.003 -22"><span class='ocrx_word' id='word_1_143' title='bbox 82 2091 125 2150; x_wconf 85' lang='lat' dir='ltr'><strong>buu</strong></span> <span class='ocrx_word' id='word_1_144' title='bbox 150 2094 206 2152; x_wconf 89' lang='lat' dir='ltr'><strong>iam</strong></span> <span class='ocrx_word' id='word_1_145' title='bbox 238 2093 387 2170; x_wconf 83' lang='lat' dir='ltr'><strong>privatum</strong></span> <span class='ocrx_word' id='word_1_146' title='bbox 421 2093 516 2152; x_wconf 90' lang='lat' dir='ltr'><strong>eidem</strong></span> <span class='ocrx_word' id='word_1_147' title='bbox 549 2093 677 2169; x_wconf 89' lang='lat' dir='ltr'><strong>collegio</strong></span> <span class='ocrx_word' id='word_1_148' title='bbox 710 2094 805 2152; x_wconf 91' lang='lat' dir='ltr'><strong>fuisse</strong></span> <span class='ocrx_word' id='word_1_149' title='bbox 837 2093 1030 2170; x_wconf 89' lang='lat' dir='ltr'><strong>adscriptum.</strong></span> <span class='ocrx_word' id='word_1_150' title='bbox 1078 2095 1246 2168; x_wconf 80' lang='lat' dir='ltr'><strong>Acceperat</strong></span> <span class='ocrx_word' id='word_1_151' title='bbox 1278 2099 1376 2152; x_wconf 88' lang='lat' dir='ltr'><strong>autem</strong></span> 
     </span>
     <span class='ocr_line' id='line_1_17' title="bbox 24 2190 1376 2280; baseline 0.001 -31"><span class='ocrx_word' id='word_1_152' title='bbox 24 2233 26 2280; x_wconf 80' lang='lat'><strong>,</strong></span> <span class='ocrx_word' id='word_1_153' title='bbox 83 2190 162 2268; x_wconf 81' lang='lat' dir='ltr'><strong>Galba,</strong></span> <span class='ocrx_word' id='word_1_154' title='bbox 182 2204 339 2272; x_wconf 82' lang='lat' dir='ltr'><strong>antequam</strong></span> <span class='ocrx_word' id='word_1_155' title='bbox 363 2195 561 2270; x_wconf 89' lang='lat' dir='ltr'><strong>principatum</strong></span> <span class='ocrx_word' id='word_1_156' title='bbox 585 2205 758 2271; x_wconf 90' lang='lat' dir='ltr'><strong>occuparet,</strong></span> <span class='ocrx_word' id='word_1_157' title='bbox 785 2205 860 2254; x_wconf 90' lang='lat' dir='ltr'><strong>teste</strong></span> <span class='ocrx_word' id='word_1_158' title='bbox 883 2193 1029 2255; x_wconf 88' lang='lat' dir='ltr'><strong>Suetonio</strong></span> <span class='ocrx_word' id='word_1_159' title='bbox 1057 2193 1162 2271; x_wconf 83' lang='lat' dir='ltr'><strong>(Galb.</strong></span> <span class='ocrx_word' id='word_1_160' title='bbox 1179 2195 1229 2270; x_wconf 88' lang='lat'><strong>8),</strong></span> <span class='ocrx_word' id='word_1_161' title='bbox 1253 2191 1376 2270; x_wconf 85' lang='lat' dir='ltr'><strong>‘triplex</strong></span> 
     </span>
     <span class='ocr_line' id='line_1_18' title="bbox 83 2279 1377 2374; baseline 0.001 -22"><span class='ocrx_word' id='word_1_162' title='bbox 83 2299 256 2367; x_wconf 83' lang='lat' dir='ltr'><strong>sacerdotium,</strong></span> <span class='ocrx_word' id='word_1_163' title='bbox 277 2297 356 2356; x_wconf 90' lang='lat' dir='ltr'><strong>inter</strong></span> <span class='ocrx_word' id='word_1_164' title='bbox 377 2297 631 2374; x_wconf 89' lang='lat' dir='ltr'><strong>quindecimviros</strong></span> <span class='ocrx_word' id='word_1_165' title='bbox 655 2297 832 2374; x_wconf 89' lang='lat' dir='ltr'><strong>sodalesque</strong></span> <span class='ocrx_word' id='word_1_166' title='bbox 855 2296 964 2368; x_wconf 90' lang='lat' dir='ltr'><strong>Titios,</strong></span> <span class='ocrx_word' id='word_1_167' title='bbox 986 2299 1056 2356; x_wconf 90' lang='lat' dir='ltr'><strong>item</strong></span> <span class='ocrx_word' id='word_1_168' title='bbox 1080 2279 1266 2374; x_wconf 81' lang='lat' dir='ltr'><strong>Augustales</strong></span> <span class='ocrx_word' id='word_1_169' title='bbox 1288 2315 1377 2374; x_wconf 89' lang='lat' dir='ltr'><strong>coop-</strong></span> 
     </span>
     <span class='ocr_line' id='line_1_19' title="bbox 24 2394 1379 2476; baseline 0.003 -24"><span class='ocrx_word' id='word_1_170' title='bbox 24 2465 26 2476; x_wconf 68' lang='lat'>.</span> <span class='ocrx_word' id='word_1_171' title='bbox 84 2394 154 2458; x_wconf 86' lang='lat' dir='ltr'><strong>tutus&#39;.</strong></span> <span class='ocrx_word' id='word_1_172' title='bbox 193 2399 265 2458; x_wconf 89' lang='lat' dir='ltr'><strong>Non</strong></span> <span class='ocrx_word' id='word_1_173' title='bbox 280 2399 318 2457; x_wconf 89' lang='lat' dir='ltr'><strong>ad</strong></span> <span class='ocrx_word' id='word_1_174' title='bbox 334 2417 463 2476; x_wconf 89' lang='lat' dir='ltr'><strong>augures</strong></span> <span class='ocrx_word' id='word_1_175' title='bbox 477 2399 579 2476; x_wconf 88' lang='lat' dir='ltr'><strong>igitur,</strong></span> <span class='ocrx_word' id='word_1_176' title='bbox 596 2400 648 2459; x_wconf 90' lang='lat' dir='ltr'><strong>sed</strong></span> <span class='ocrx_word' id='word_1_177' title='bbox 664 2399 770 2458; x_wconf 89' lang='lat' dir='ltr'><strong>autad</strong></span> <span class='ocrx_word' id='word_1_178' title='bbox 786 2399 1037 2476; x_wconf 88' lang='lat' dir='ltr'><strong>quindecimviros</strong></span> <span class='ocrx_word' id='word_1_179' title='bbox 1054 2401 1149 2458; x_wconf 88' lang='lat' dir='ltr'><strong>sacris</strong></span> <span class='ocrx_word' id='word_1_180' title='bbox 1164 2398 1312 2458; x_wconf 90' lang='lat' dir='ltr'><strong>faciundis</strong></span> <span class='ocrx_word' id='word_1_181' title='bbox 1327 2405 1379 2458; x_wconf 89' lang='lat' dir='ltr'><strong>aut</strong></span> 
     </span>
     <span class='ocr_line' id='line_1_20' title="bbox 84 2497 1377 2580; baseline 0.004 -27.734"><span class='ocrx_word' id='word_1_182' title='bbox 84 2497 107 2554; x_wconf 91' lang='lat' dir='ltr'><strong>ad</strong></span> <span class='ocrx_word' id='word_1_183' title='bbox 123 2501 227 2562; x_wconf 84' lang='lat' dir='ltr'><strong>sodales</strong></span> <span class='ocrx_word' id='word_1_184' title='bbox 243 2501 342 2560; x_wconf 89' lang='lat' dir='ltr'><strong>Titios</strong></span> <span class='ocrx_word' id='word_1_185' title='bbox 364 2509 415 2560; x_wconf 87' lang='lat' dir='ltr'><strong>eut</strong></span> <span class='ocrx_word' id='word_1_186' title='bbox 436 2501 474 2560; x_wconf 87' lang='lat' dir='ltr'><strong>ad</strong></span> <span class='ocrx_word' id='word_1_187' title='bbox 490 2501 608 2560; x_wconf 88' lang='lat' dir='ltr'><strong>sodales</strong></span> <span class='ocrx_word' id='word_1_188' title='bbox 624 2501 808 2580; x_wconf 85' lang='lat' dir='ltr'><strong>Augustales</strong></span> <span class='ocrx_word' id='word_1_189' title='bbox 824 2501 927 2560; x_wconf 87' lang='lat' dir='ltr'><strong>tabula</strong></span> <span class='ocrx_word' id='word_1_190' title='bbox 943 2499 1125 2560; x_wconf 85' lang='lat' dir='ltr'><strong>Gruteriana</strong></span> <span class='ocrx_word' id='word_1_191' title='bbox 1143 2501 1199 2560; x_wconf 90' lang='lat' dir='ltr'><strong>erit</strong></span> <span class='ocrx_word' id='word_1_192' title='bbox 1212 2501 1377 2559; x_wconf 85' lang='lat' dir='ltr'><strong>referenda.</strong></span> 
     </span>
     <span class='ocr_line' id='line_1_21' title="bbox 24 2597 1377 2679; baseline 0.001 -20"><span class='ocrx_word' id='word_1_193' title='bbox 24 2597 25 2602; x_wconf 65' lang='grc'>’</span> <span class='ocrx_word' id='word_1_194' title='bbox 140 2602 181 2660; x_wconf 85' lang='lat' dir='ltr'><strong>Ex</strong></span> <span class='ocrx_word' id='word_1_195' title='bbox 208 2603 305 2662; x_wconf 90' lang='lat' dir='ltr'><strong>tribus</strong></span> <span class='ocrx_word' id='word_1_196' title='bbox 333 2603 380 2662; x_wconf 88' lang='lat' dir='ltr'><strong>bis</strong></span> <span class='ocrx_word' id='word_1_197' title='bbox 409 2603 585 2662; x_wconf 86' lang='lat' dir='ltr'><strong>sacerdotiis</strong></span> <span class='ocrx_word' id='word_1_198' title='bbox 612 2603 732 2662; x_wconf 89' lang='lat' dir='ltr'><strong>tertium</strong></span> <span class='ocrx_word' id='word_1_199' title='bbox 755 2621 822 2662; x_wconf 88' lang='lat' dir='ltr'><strong>esse</strong></span> <span class='ocrx_word' id='word_1_200' title='bbox 844 2603 992 2662; x_wconf 89' lang='lat' dir='ltr'><strong>sodalium</strong></span> <span class='ocrx_word' id='word_1_201' title='bbox 1017 2602 1131 2662; x_wconf 88' lang='lat' dir='ltr'><strong>scilicet</strong></span> <span class='ocrx_word' id='word_1_202' title='bbox 1152 2602 1377 2679; x_wconf 89' lang='lat' dir='ltr'><strong>Augustalium,</strong></span> 
     </span>
     <span class='ocr_line' id='line_1_22' title="bbox 57 2697 1378 2781; baseline -0.001 -20"><span class='ocrx_word' id='word_1_203' title='bbox 57 2697 61 2704; x_wconf 72' lang='grc'><em>’</em></span> <span class='ocrx_word' id='word_1_204' title='bbox 85 2700 109 2756; x_wconf 76' lang='lat' dir='ltr'><strong>ud</strong></span> <span class='ocrx_word' id='word_1_205' title='bbox 123 2705 188 2778; x_wconf 92' lang='lat' dir='ltr'><strong>quod</strong></span> <span class='ocrx_word' id='word_1_206' title='bbox 211 2711 358 2781; x_wconf 88' lang='lat' dir='ltr'><strong>pertineat</strong></span> <span class='ocrx_word' id='word_1_207' title='bbox 380 2703 571 2778; x_wconf 86' lang='lat' dir='ltr'><strong>Gruteriana,</strong></span> <span class='ocrx_word' id='word_1_208' title='bbox 595 2706 724 2766; x_wconf 84' lang='lat' dir='ltr'><strong>efficitur</strong></span> <span class='ocrx_word' id='word_1_209' title='bbox 746 2725 784 2764; x_wconf 85' lang='lat' dir='ltr'><strong>ex</strong></span> <span class='ocrx_word' id='word_1_210' title='bbox 807 2705 893 2763; x_wconf 90' lang='lat' dir='ltr'><strong>titulo</strong></span> <span class='ocrx_word' id='word_1_211' title='bbox 916 2713 1034 2780; x_wconf 90' lang='lat' dir='ltr'><strong>reperto</strong></span> <span class='ocrx_word' id='word_1_212' title='bbox 1057 2723 1081 2762; x_wconf 93' lang='lat' dir='ltr'><strong>c.</strong></span> <span class='ocrx_word' id='word_1_213' title='bbox 1105 2724 1131 2762; x_wconf 89' lang='lat' dir='ltr'><strong>a.</strong></span> <span class='ocrx_word' id='word_1_214' title='bbox 1151 2702 1229 2763; x_wconf 76' lang='lat'>1828</span> <span class='ocrx_word' id='word_1_215' title='bbox 1250 2702 1378 2779; x_wconf 87' lang='lat' dir='ltr'><strong>Tarqui·</strong></span> 
     </span>
     <span class='ocr_line' id='line_1_23' title="bbox 86 2802 1379 2885; baseline 0.005 -29"><span class='ocrx_word' id='word_1_216' title='bbox 86 2802 123 2860; x_wconf 86' lang='lat' dir='ltr'><strong>uiis</strong></span> <span class='ocrx_word' id='word_1_217' title='bbox 139 2806 269 2881; x_wconf 88' lang='lat' dir='ltr'><strong>(Henzen</strong></span> <span class='ocrx_word' id='word_1_218' title='bbox 287 2807 375 2864; x_wconf 84' lang='grc'><strong>6048.</strong></span> <span class='ocrx_word' id='word_1_219' title='bbox 393 2807 564 2866; x_wconf 87' lang='lat' dir='ltr'><strong>Wilmanns</strong></span> <span class='ocrx_word' id='word_1_220' title='bbox 584 2807 676 2882; x_wconf 76' lang='lat'>1213)</span> <span class='ocrx_word' id='word_1_221' title='bbox 693 2808 792 2885; x_wconf 88' lang='lat' dir='ltr'><strong>posito</strong></span> <span class='ocrx_word' id='word_1_222' title='bbox 814 2804 864 2880; x_wconf 65' lang='grc' dir='ltr'><strong>Ὢ.</strong></span> <span class='ocrx_word' id='word_1_223' title='bbox 881 2806 1024 2866; x_wconf 90' lang='lat' dir='ltr'><strong>Petronio</strong></span> <span class='ocrx_word' id='word_1_224' title='bbox 1040 2806 1168 2878; x_wconf 89' lang='lat' dir='ltr'><strong>Meliori,</strong></span> <span class='ocrx_word' id='word_1_225' title='bbox 1192 2806 1255 2863; x_wconf 87' lang='lat' dir='ltr'><strong>viro</strong></span> <span class='ocrx_word' id='word_1_226' title='bbox 1278 2805 1329 2880; x_wconf 92' lang='lat' dir='ltr'><strong>co(</strong></span> <span class='ocrx_word' id='word_1_227' title='bbox 1351 2805 1379 2880; x_wconf 94' lang='lat'><strong>)·</strong></span> 
     </span>
     <span class='ocr_line' id='line_1_24' title="bbox 85 2901 1376 2986; baseline 0.002 -25"><span class='ocrx_word' id='word_1_228' title='bbox 85 2901 181 2984; x_wconf 70' lang='lat' dir='ltr'><strong>delati),</strong></span> <span class='ocrx_word' id='word_1_229' title='bbox 205 2955 232 2968; x_wconf 92' lang='lat'><strong>..</strong></span> <span class='ocrx_word' id='word_1_230' title='bbox 257 2909 353 2968; x_wconf 87' lang='lat' dir='ltr'><strong>sodali</strong></span> <span class='ocrx_word' id='word_1_231' title='bbox 376 2909 566 2986; x_wconf 86' lang='lat' dir='ltr'><strong>Aug(ustali)</strong></span> <span class='ocrx_word' id='word_1_232' title='bbox 590 2905 796 2985; x_wconf 64' lang='lat' dir='ltr'><strong>claudicant),</strong></span> <span class='ocrx_word' id='word_1_233' title='bbox 825 2928 912 2985; x_wconf 90' lang='lat' dir='ltr'><strong>quem</strong></span> <span class='ocrx_word' id='word_1_234' title='bbox 940 2907 1031 2968; x_wconf 88' lang='lat' dir='ltr'><strong>alium</strong></span> <span class='ocrx_word' id='word_1_235' title='bbox 1060 2925 1127 2966; x_wconf 91' lang='lat' dir='ltr'><strong>esse</strong></span> <span class='ocrx_word' id='word_1_236' title='bbox 1153 2926 1188 2966; x_wconf 90' lang='lat' dir='ltr'><strong>ac</strong></span> <span class='ocrx_word' id='word_1_237' title='bbox 1210 2906 1248 2982; x_wconf 83' lang='lat' dir='ltr'><strong>Q.</strong></span> <span class='ocrx_word' id='word_1_238' title='bbox 1272 2907 1376 2965; x_wconf 90' lang='lat' dir='ltr'><strong>Petro-</strong></span> 
     </span>
     <span class='ocr_line' id='line_1_25' title="bbox 24 3005 1378 3090; baseline 0.005 -30"><span class='ocrx_word' id='word_1_239' title='bbox 24 3021 27 3090; x_wconf 40' lang='grc' dir='ltr'><strong>ἲ·</strong></span> <span class='ocrx_word' id='word_1_240' title='bbox 85 3005 139 3066; x_wconf 87' lang='lat' dir='ltr'><strong>nium</strong></span> <span class='ocrx_word' id='word_1_241' title='bbox 157 3011 306 3071; x_wconf 84' lang='lat' dir='ltr'><strong>Meliorem</strong></span> <span class='ocrx_word' id='word_1_242' title='bbox 330 3018 406 3070; x_wconf 91' lang='lat' dir='ltr'><strong>teste</strong></span> <span class='ocrx_word' id='word_1_243' title='bbox 428 3011 531 3070; x_wconf 88' lang='lat' dir='ltr'><strong>tabula</strong></span> <span class='ocrx_word' id='word_1_244' title='bbox 553 3008 736 3072; x_wconf 84' lang='lat' dir='ltr'><strong>Gruteriana</strong></span> <span class='ocrx_word' id='word_1_245' title='bbox 758 3031 785 3069; x_wconf 88' lang='lat' dir='ltr'><strong>a.</strong></span> <span class='ocrx_word' id='word_1_246' title='bbox 809 3011 869 3070; x_wconf 79' lang='lat'><strong>230</strong></span> <span class='ocrx_word' id='word_1_247' title='bbox 891 3012 968 3070; x_wconf 90' lang='lat' dir='ltr'><strong>inter</strong></span> <span class='ocrx_word' id='word_1_248' title='bbox 995 3011 1164 3070; x_wconf 86' lang='lat' dir='ltr'><strong>sacerdotes</strong></span> <span class='ocrx_word' id='word_1_249' title='bbox 1192 3010 1262 3068; x_wconf 91' lang='lat' dir='ltr'><strong>illos</strong></span> <span class='ocrx_word' id='word_1_250' title='bbox 1288 3027 1378 3084; x_wconf 90' lang='lat' dir='ltr'><strong>coop-</strong></span> 
     </span>
     <span class='ocr_line' id='line_1_26' title="bbox 24 3109 1379 3190; baseline 0.004 -25"><span class='ocrx_word' id='word_1_251' title='bbox 24 3109 27 3190; x_wconf 45' lang='grc' dir='ltr'>ζ</span> <span class='ocrx_word' id='word_1_252' title='bbox 86 3113 150 3170; x_wconf 85' lang='lat' dir='ltr'><strong>utun</strong></span> <span class='ocrx_word' id='word_1_253' title='bbox 175 3115 238 3173; x_wconf 87' lang='lat' dir='ltr'><strong>veri</strong></span> <span class='ocrx_word' id='word_1_254' title='bbox 267 3113 500 3172; x_wconf 90' lang='lat' dir='ltr'><strong>dissimillimum</strong></span> <span class='ocrx_word' id='word_1_255' title='bbox 531 3111 694 3190; x_wconf 83' lang='lat' dir='ltr'><strong>videtur³);</strong></span> <span class='ocrx_word' id='word_1_256' title='bbox 723 3131 818 3190; x_wconf 89' lang='lat' dir='ltr'><strong>neque</strong></span> <span class='ocrx_word' id='word_1_257' title='bbox 846 3114 953 3190; x_wconf 90' lang='lat' dir='ltr'><strong>opinor</strong></span> <span class='ocrx_word' id='word_1_258' title='bbox 981 3113 1142 3188; x_wconf 87' lang='lat' dir='ltr'><strong>quisquam</strong></span> <span class='ocrx_word' id='word_1_259' title='bbox 1164 3129 1199 3170; x_wconf 93' lang='lat' dir='ltr'><strong>eo</strong></span> <span class='ocrx_word' id='word_1_260' title='bbox 1227 3111 1379 3188; x_wconf 89' lang='lat' dir='ltr'><strong>confugiet</strong></span> 
     </span>
    </p>
   </div>
   <div class='ocr_carea' id='block_1_3' title="bbox 39 3325 1384 4956">
    <p class='ocr_par' dir='ltr' id='par_1_3' title="bbox 39 3325 1384 4956">
     <span class='ocr_line' id='line_1_27' title="bbox 137 3325 1379 3392; baseline -0.002 -14"><span class='ocrx_word' id='word_1_261' title='bbox 137 3325 157 3390; x_wconf 86' lang='lat'><strong>¹)</strong></span> <span class='ocrx_word' id='word_1_262' title='bbox 175 3327 252 3390; x_wconf 85' lang='lat' dir='ltr'><strong>[Puto</strong></span> <span class='ocrx_word' id='word_1_263' title='bbox 276 3327 396 3377; x_wconf 87' lang='lat' dir='ltr'><strong>decuriae</strong></span> <span class='ocrx_word' id='word_1_264' title='bbox 420 3329 571 3378; x_wconf 82' lang='lat' dir='ltr'><strong>vocabulum</strong></span> <span class='ocrx_word' id='word_1_265' title='bbox 596 3329 718 3392; x_wconf 88' lang='lat' dir='ltr'><strong>singulari</strong></span> <span class='ocrx_word' id='word_1_266' title='bbox 739 3329 815 3392; x_wconf 89' lang='lat' dir='ltr'><strong>plane</strong></span> <span class='ocrx_word' id='word_1_267' title='bbox 835 3329 935 3378; x_wconf 81' lang='lat' dir='ltr'><strong>ratione</strong></span> <span class='ocrx_word' id='word_1_268' title='bbox 954 3333 1102 3392; x_wconf 88' lang='lat' dir='ltr'><strong>usurpatum</strong></span> <span class='ocrx_word' id='word_1_269' title='bbox 1122 3334 1147 3376; x_wconf 89' lang='lat' dir='ltr'><strong>et</strong></span> <span class='ocrx_word' id='word_1_270' title='bbox 1165 3327 1192 3376; x_wconf 89' lang='lat' dir='ltr'><strong>in</strong></span> <span class='ocrx_word' id='word_1_271' title='bbox 1212 3325 1379 3376; x_wconf 81' lang='lat' dir='ltr'><strong>Henzeniaue</strong></span> 
     </span>
     <span class='ocr_line' id='line_1_28' title="bbox 82 3416 1377 3484; baseline -0.001 -18"><span class='ocrx_word' id='word_1_272' title='bbox 82 3416 100 3456; x_wconf 67' lang='lat' dir='ltr'><strong>tf</strong></span> <span class='ocrx_word' id='word_1_273' title='bbox 116 3417 135 3466; x_wconf 91' lang='lat' dir='ltr'><strong>iu</strong></span> <span class='ocrx_word' id='word_1_274' title='bbox 155 3421 307 3472; x_wconf 84' lang='lat' dir='ltr'><strong>Gruteriana</strong></span> <span class='ocrx_word' id='word_1_275' title='bbox 331 3420 418 3470; x_wconf 85' lang='lat' dir='ltr'><strong>tabula</strong></span> <span class='ocrx_word' id='word_1_276' title='bbox 447 3435 549 3470; x_wconf 84' lang='lat' dir='ltr'><strong>causam</strong></span> <span class='ocrx_word' id='word_1_277' title='bbox 573 3421 651 3470; x_wconf 86' lang='lat' dir='ltr'><strong>fuisse</strong></span> <span class='ocrx_word' id='word_1_278' title='bbox 680 3436 725 3470; x_wconf 91' lang='lat' dir='ltr'><strong>our</strong></span> <span class='ocrx_word' id='word_1_279' title='bbox 755 3422 870 3470; x_wconf 89' lang='lat' dir='ltr'><strong>omnium</strong></span> <span class='ocrx_word' id='word_1_280' title='bbox 897 3436 1022 3470; x_wconf 89' lang='lat' dir='ltr'><strong>consensu</strong></span> <span class='ocrx_word' id='word_1_281' title='bbox 1047 3419 1131 3470; x_wconf 79' lang='lat' dir='ltr'><strong>adbuc</strong></span> <span class='ocrx_word' id='word_1_282' title='bbox 1156 3419 1377 3484; x_wconf 88' lang='lat' dir='ltr'><strong>coniungerentur.</strong></span> 
     </span>
     <span class='ocr_line' id='line_1_29' title="bbox 78 3497 1379 3578; baseline 0 -20"><span class='ocrx_word' id='word_1_283' title='bbox 78 3497 129 3558; x_wconf 68' lang='lat' dir='ltr'><strong>Neu</strong></span> <span class='ocrx_word' id='word_1_284' title='bbox 144 3513 268 3564; x_wconf 88' lang='lat' dir='ltr'><strong>decuriam</strong></span> <span class='ocrx_word' id='word_1_285' title='bbox 289 3529 345 3562; x_wconf 92' lang='lat' dir='ltr'><strong>cum</strong></span> <span class='ocrx_word' id='word_1_286' title='bbox 365 3512 426 3562; x_wconf 87' lang='lat' dir='ltr'><strong>satis</strong></span> <span class='ocrx_word' id='word_1_287' title='bbox 446 3519 544 3562; x_wconf 88' lang='lat' dir='ltr'><strong>constet</strong></span> <span class='ocrx_word' id='word_1_288' title='bbox 563 3513 706 3576; x_wconf 87' lang='lat' dir='ltr'><strong>significare</strong></span> <span class='ocrx_word' id='word_1_289' title='bbox 726 3514 828 3578; x_wconf 92' lang='lat' dir='ltr'><strong>proprie</strong></span> <span class='ocrx_word' id='word_1_290' title='bbox 848 3513 966 3564; x_wconf 87' lang='lat' dir='ltr'><strong>homines</strong></span> <span class='ocrx_word' id='word_1_291' title='bbox 986 3512 1074 3562; x_wconf 89' lang='lat' dir='ltr'><strong>decem</strong></span> <span class='ocrx_word' id='word_1_292' title='bbox 1088 3512 1207 3572; x_wconf 85' lang='lat' dir='ltr'><strong>denosve,</strong></span> <span class='ocrx_word' id='word_1_293' title='bbox 1228 3511 1304 3560; x_wconf 88' lang='lat' dir='ltr'><strong>facile</strong></span> <span class='ocrx_word' id='word_1_294' title='bbox 1324 3510 1379 3574; x_wconf 92' lang='lat' dir='ltr'><strong>qui-</strong></span> 
     </span>
     <span class='ocr_line' id='line_1_30' title="bbox 77 3589 1381 3686; baseline -0.004 -32"><span class='ocrx_word' id='word_1_295' title='bbox 77 3589 123 3647; x_wconf 75' lang='lat' dir='ltr'><strong>den</strong></span> <span class='ocrx_word' id='word_1_296' title='bbox 142 3605 288 3656; x_wconf 84' lang='lat' dir='ltr'><strong>transfertur</strong></span> <span class='ocrx_word' id='word_1_297' title='bbox 306 3605 340 3654; x_wconf 90' lang='lat' dir='ltr'><strong>ad</strong></span> <span class='ocrx_word' id='word_1_298' title='bbox 360 3603 500 3668; x_wconf 90' lang='lat' dir='ltr'><strong>quemlibet</strong></span> <span class='ocrx_word' id='word_1_299' title='bbox 519 3605 596 3654; x_wconf 88' lang='lat' dir='ltr'><strong>alium</strong></span> <span class='ocrx_word' id='word_1_300' title='bbox 617 3619 760 3668; x_wconf 88' lang='lat' dir='ltr'><strong>numerum,</strong></span> <span class='ocrx_word' id='word_1_301' title='bbox 780 3612 808 3654; x_wconf 93' lang='lat' dir='ltr'><strong>ut</strong></span> <span class='ocrx_word' id='word_1_302' title='bbox 827 3605 941 3654; x_wconf 87' lang='lat' dir='ltr'><strong>centuria</strong></span> <span class='ocrx_word' id='word_1_303' title='bbox 961 3619 1037 3670; x_wconf 89' lang='lat' dir='ltr'><strong>saepe</strong></span> <span class='ocrx_word' id='word_1_304' title='bbox 1056 3603 1183 3668; x_wconf 87' lang='lat' dir='ltr'><strong>significet</strong></span> <span class='ocrx_word' id='word_1_305' title='bbox 1202 3603 1317 3651; x_wconf 85' lang='lat' dir='ltr'><strong>homiues</strong></span> <span class='ocrx_word' id='word_1_306' title='bbox 1337 3608 1381 3686; x_wconf 79' lang='lat' dir='ltr'><strong>apt</strong></span> 
     </span>
     <span class='ocr_line' id='line_1_31' title="bbox 73 3684 1379 3762; baseline 0.008 -29"><span class='ocrx_word' id='word_1_307' title='bbox 73 3684 229 3747; x_wconf 79' lang='lat' dir='ltr'><strong>pluerentum</strong></span> <span class='ocrx_word' id='word_1_308' title='bbox 249 3705 293 3746; x_wconf 84' lang='lat' dir='ltr'><strong>sut</strong></span> <span class='ocrx_word' id='word_1_309' title='bbox 312 3697 409 3758; x_wconf 86' lang='lat' dir='ltr'><strong>minus;</strong></span> <span class='ocrx_word' id='word_1_310' title='bbox 429 3697 475 3746; x_wconf 90' lang='lat' dir='ltr'><strong>sed</strong></span> <span class='ocrx_word' id='word_1_311' title='bbox 494 3697 607 3762; x_wconf 88' lang='lat' dir='ltr'><strong>singulos</strong></span> <span class='ocrx_word' id='word_1_312' title='bbox 632 3696 703 3746; x_wconf 93' lang='lat' dir='ltr'><strong>locos</strong></span> <span class='ocrx_word' id='word_1_313' title='bbox 729 3698 755 3746; x_wconf 91' lang='lat' dir='ltr'><strong>in</strong></span> <span class='ocrx_word' id='word_1_314' title='bbox 781 3697 889 3762; x_wconf 89' lang='lat' dir='ltr'><strong>collegio</strong></span> <span class='ocrx_word' id='word_1_315' title='bbox 911 3697 1028 3746; x_wconf 86' lang='lat' dir='ltr'><strong>decurias</strong></span> <span class='ocrx_word' id='word_1_316' title='bbox 1048 3695 1172 3760; x_wconf 85' lang='lat' dir='ltr'><strong>appellari</strong></span> <span class='ocrx_word' id='word_1_317' title='bbox 1191 3701 1216 3744; x_wconf 90' lang='lat' dir='ltr'><strong>et</strong></span> <span class='ocrx_word' id='word_1_318' title='bbox 1236 3699 1273 3742; x_wconf 92' lang='lat' dir='ltr'><strong>tot</strong></span> <span class='ocrx_word' id='word_1_319' title='bbox 1291 3709 1379 3743; x_wconf 91' lang='lat' dir='ltr'><strong>nume·</strong></span> 
     </span>
     <span class='ocr_line' id='line_1_32' title="bbox 69 3783 1379 3854; baseline -0.003 -16"><span class='ocrx_word' id='word_1_320' title='bbox 69 3783 115 3829; x_wconf 53' lang='grc' dir='ltr'><strong>ΜΠ</strong></span> <span class='ocrx_word' id='word_1_321' title='bbox 135 3789 157 3838; x_wconf 91' lang='lat' dir='ltr'><strong>in</strong></span> <span class='ocrx_word' id='word_1_322' title='bbox 182 3789 292 3854; x_wconf 83' lang='lat' dir='ltr'><strong>collegio</strong></span> <span class='ocrx_word' id='word_1_323' title='bbox 317 3789 435 3838; x_wconf 87' lang='lat' dir='ltr'><strong>decurias</strong></span> <span class='ocrx_word' id='word_1_324' title='bbox 460 3795 522 3853; x_wconf 90' lang='lat' dir='ltr'><strong>quot</strong></span> <span class='ocrx_word' id='word_1_325' title='bbox 546 3789 572 3837; x_wconf 90' lang='lat' dir='ltr'><strong>iu</strong></span> <span class='ocrx_word' id='word_1_326' title='bbox 600 3803 630 3837; x_wconf 91' lang='lat' dir='ltr'><strong>ec</strong></span> <span class='ocrx_word' id='word_1_327' title='bbox 650 3789 766 3838; x_wconf 90' lang='lat' dir='ltr'><strong>homines</strong></span> <span class='ocrx_word' id='word_1_328' title='bbox 785 3789 844 3849; x_wconf 87' lang='lat' dir='ltr'><strong>sint,</strong></span> <span class='ocrx_word' id='word_1_329' title='bbox 870 3789 939 3853; x_wconf 91' lang='lat' dir='ltr'><strong>quod</strong></span> <span class='ocrx_word' id='word_1_330' title='bbox 961 3789 987 3837; x_wconf 90' lang='lat' dir='ltr'><strong>iu</strong></span> <span class='ocrx_word' id='word_1_331' title='bbox 1008 3787 1077 3836; x_wconf 89' lang='lat' dir='ltr'><strong>hisce</strong></span> <span class='ocrx_word' id='word_1_332' title='bbox 1096 3785 1189 3836; x_wconf 84' lang='lat' dir='ltr'><strong>tabulis</strong></span> <span class='ocrx_word' id='word_1_333' title='bbox 1208 3787 1304 3836; x_wconf 90' lang='lat' dir='ltr'><strong>factum</strong></span> <span class='ocrx_word' id='word_1_334' title='bbox 1324 3799 1379 3834; x_wconf 89' lang='lat' dir='ltr'><strong>esse</strong></span> 
     </span>
     <span class='ocr_line' id='line_1_33' title="bbox 64 3875 1380 3946; baseline -0.006 -13"><span class='ocrx_word' id='word_1_335' title='bbox 64 3875 144 3933; x_wconf 51' lang='lat' dir='ltr'><strong>”stilari</strong></span> <span class='ocrx_word' id='word_1_336' title='bbox 161 3897 211 3932; x_wconf 90' lang='lat' dir='ltr'><strong>non</strong></span> <span class='ocrx_word' id='word_1_337' title='bbox 231 3887 323 3946; x_wconf 87' lang='lat' dir='ltr'><strong>potest,</strong></span> <span class='ocrx_word' id='word_1_338' title='bbox 349 3897 406 3930; x_wconf 91' lang='lat' dir='ltr'><strong>cum</strong></span> <span class='ocrx_word' id='word_1_339' title='bbox 431 3889 456 3929; x_wconf 91' lang='lat' dir='ltr'><strong>et</strong></span> <span class='ocrx_word' id='word_1_340' title='bbox 475 3887 576 3945; x_wconf 86' lang='lat' dir='ltr'><strong>praeter</strong></span> <span class='ocrx_word' id='word_1_341' title='bbox 601 3882 727 3930; x_wconf 91' lang='lat' dir='ltr'><strong>rationem</strong></span> <span class='ocrx_word' id='word_1_342' title='bbox 748 3895 803 3930; x_wconf 85' lang='lat' dir='ltr'><strong>esse</strong></span> <span class='ocrx_word' id='word_1_343' title='bbox 823 3881 953 3930; x_wconf 88' lang='lat' dir='ltr'><strong>uideretur</strong></span> <span class='ocrx_word' id='word_1_344' title='bbox 974 3887 999 3928; x_wconf 91' lang='lat' dir='ltr'><strong>et</strong></span> <span class='ocrx_word' id='word_1_345' title='bbox 1018 3879 1143 3943; x_wconf 88' lang='lat' dir='ltr'><strong>exemplis</strong></span> <span class='ocrx_word' id='word_1_346' title='bbox 1162 3878 1239 3928; x_wconf 86' lang='lat' dir='ltr'><strong>nullis</strong></span> <span class='ocrx_word' id='word_1_347' title='bbox 1258 3877 1316 3926; x_wconf 88' lang='lat' dir='ltr'><strong>aliis</strong></span> <span class='ocrx_word' id='word_1_348' title='bbox 1336 3877 1380 3926; x_wconf 92' lang='lat' dir='ltr'><strong>de-</strong></span> 
     </span>
     <span class='ocr_line' id='line_1_34' title="bbox 59 3949 1381 4039; baseline -0.005 -15"><span class='ocrx_word' id='word_1_349' title='bbox 59 3949 135 4031; x_wconf 50' lang='lat' dir='ltr'><strong>feudi,</strong></span> <span class='ocrx_word' id='word_1_350' title='bbox 159 3975 315 4039; x_wconf 82' lang='lat' dir='ltr'><strong>singularem</strong></span> <span class='ocrx_word' id='word_1_351' title='bbox 341 3973 408 4022; x_wconf 89' lang='lat' dir='ltr'><strong>hunc</strong></span> <span class='ocrx_word' id='word_1_352' title='bbox 432 3988 504 4022; x_wconf 89' lang='lat' dir='ltr'><strong>usum</strong></span> <span class='ocrx_word' id='word_1_353' title='bbox 532 3973 613 4022; x_wconf 87' lang='lat' dir='ltr'><strong>uisum</strong></span> <span class='ocrx_word' id='word_1_354' title='bbox 639 3979 677 4022; x_wconf 90' lang='lat' dir='ltr'><strong>est</strong></span> <span class='ocrx_word' id='word_1_355' title='bbox 701 3987 776 4037; x_wconf 84' lang='lat' dir='ltr'><strong>quam</strong></span> <span class='ocrx_word' id='word_1_356' title='bbox 801 3973 914 4022; x_wconf 84' lang='lat' dir='ltr'><strong>maxime</strong></span> <span class='ocrx_word' id='word_1_357' title='bbox 936 3971 1055 4036; x_wconf 83' lang='lat' dir='ltr'><strong>restringi</strong></span> <span class='ocrx_word' id='word_1_358' title='bbox 1075 3977 1194 4036; x_wconf 88' lang='lat' dir='ltr'><strong>oportere</strong></span> <span class='ocrx_word' id='word_1_359' title='bbox 1213 3985 1260 4020; x_wconf 89' lang='lat' dir='ltr'><strong>nec</strong></span> <span class='ocrx_word' id='word_1_360' title='bbox 1280 3975 1381 4034; x_wconf 86' lang='lat' dir='ltr'><strong>praeter</strong></span> 
     </span>
     <span class='ocr_line' id='line_1_35' title="bbox 55 4053 1146 4129; baseline -0.002 -15"><span class='ocrx_word' id='word_1_361' title='bbox 55 4053 229 4116; x_wconf 71' lang='lat' dir='ltr'><strong>uectsuitatcm</strong></span> <span class='ocrx_word' id='word_1_362' title='bbox 248 4065 283 4114; x_wconf 84' lang='lat' dir='ltr'><strong>ad</strong></span> <span class='ocrx_word' id='word_1_363' title='bbox 301 4066 376 4129; x_wconf 86' lang='lat' dir='ltr'><strong>plura</strong></span> <span class='ocrx_word' id='word_1_364' title='bbox 394 4065 502 4129; x_wconf 87' lang='lat' dir='ltr'><strong>collegia</strong></span> <span class='ocrx_word' id='word_1_365' title='bbox 521 4065 683 4115; x_wconf 88' lang='lat' dir='ltr'><strong>sacerdotum</strong></span> <span class='ocrx_word' id='word_1_366' title='bbox 703 4065 893 4115; x_wconf 86' lang='lat' dir='ltr'><strong>extendendum</strong></span> <span class='ocrx_word' id='word_1_367' title='bbox 913 4079 976 4114; x_wconf 89' lang='lat' dir='ltr'><strong>ease.</strong></span> <span class='ocrx_word' id='word_1_368' title='bbox 1015 4065 1067 4114; x_wconf 82' lang='lat' dir='ltr'><strong>Tu.</strong></span> <span class='ocrx_word' id='word_1_369' title='bbox 1087 4062 1146 4126; x_wconf 89' lang='lat' dir='ltr'>M.].</span> 
     </span>
     <span class='ocr_line' id='line_1_36' title="bbox 130 4153 1380 4221; baseline -0.006 -13"><span class='ocrx_word' id='word_1_370' title='bbox 130 4155 152 4219; x_wconf 80' lang='lat'><strong>²)</strong></span> <span class='ocrx_word' id='word_1_371' title='bbox 173 4158 275 4208; x_wconf 82' lang='lat' dir='ltr'><strong>Titulus</strong></span> <span class='ocrx_word' id='word_1_372' title='bbox 300 4156 449 4221; x_wconf 86' lang='lat' dir='ltr'><strong>sepulcralia</strong></span> <span class='ocrx_word' id='word_1_373' title='bbox 468 4157 583 4206; x_wconf 90' lang='lat' dir='ltr'><strong>eiusdem</strong></span> <span class='ocrx_word' id='word_1_374' title='bbox 603 4156 634 4217; x_wconf 86' lang='lat' dir='ltr'><strong>Q.</strong></span> <span class='ocrx_word' id='word_1_375' title='bbox 655 4157 770 4206; x_wconf 86' lang='lat' dir='ltr'><strong>Petronii</strong></span> <span class='ocrx_word' id='word_1_376' title='bbox 790 4156 907 4206; x_wconf 88' lang='lat' dir='ltr'><strong>Melioris</strong></span> <span class='ocrx_word' id='word_1_377' title='bbox 928 4155 1018 4217; x_wconf 89' lang='lat' dir='ltr'><strong>(Orelli</strong></span> <span class='ocrx_word' id='word_1_378' title='bbox 1038 4154 1121 4216; x_wconf 81' lang='grc'>3775)</span> <span class='ocrx_word' id='word_1_379' title='bbox 1145 4169 1203 4204; x_wconf 91' lang='lat' dir='ltr'><strong>cum</strong></span> <span class='ocrx_word' id='word_1_380' title='bbox 1223 4153 1288 4204; x_wconf 88' lang='lat' dir='ltr'><strong>nibil</strong></span> <span class='ocrx_word' id='word_1_381' title='bbox 1307 4165 1380 4217; x_wconf 87' lang='lat' dir='ltr'><strong>prae·</strong></span> 
     </span>
     <span class='ocr_line' id='line_1_37' title="bbox 50 4227 906 4310; baseline -0.002 -10"><span class='ocrx_word' id='word_1_382' title='bbox 50 4227 96 4282; x_wconf 60' lang='lat'><strong>³²¹</strong></span> <span class='ocrx_word' id='word_1_383' title='bbox 111 4251 271 4300; x_wconf 78' lang='lat' dir='ltr'><strong>consulatum</strong></span> <span class='ocrx_word' id='word_1_384' title='bbox 290 4248 403 4298; x_wconf 87' lang='lat' dir='ltr'><strong>hominia</strong></span> <span class='ocrx_word' id='word_1_385' title='bbox 422 4249 544 4310; x_wconf 85' lang='lat' dir='ltr'><strong>enuntiet,</strong></span> <span class='ocrx_word' id='word_1_386' title='bbox 565 4248 607 4298; x_wconf 92' lang='lat' dir='ltr'><strong>hic</strong></span> <span class='ocrx_word' id='word_1_387' title='bbox 627 4247 691 4297; x_wconf 91' lang='lat' dir='ltr'><strong>nihil</strong></span> <span class='ocrx_word' id='word_1_388' title='bbox 710 4248 817 4298; x_wconf 86' lang='lat' dir='ltr'><strong>adrem</strong></span> <span class='ocrx_word' id='word_1_389' title='bbox 836 4249 906 4298; x_wconf 88' lang='lat' dir='ltr'><strong>facit.</strong></span> 
     </span>
     <span class='ocr_line' id='line_1_38' title="bbox 128 4337 1382 4405; baseline -0.004 -14"><span class='ocrx_word' id='word_1_390' title='bbox 128 4339 153 4404; x_wconf 79' lang='lat'><strong>³)</strong></span> <span class='ocrx_word' id='word_1_391' title='bbox 175 4341 252 4403; x_wconf 88' lang='lat' dir='ltr'><strong>Quod</strong></span> <span class='ocrx_word' id='word_1_392' title='bbox 272 4341 299 4389; x_wconf 90' lang='lat' dir='ltr'><strong>in</strong></span> <span class='ocrx_word' id='word_1_393' title='bbox 319 4339 527 4390; x_wconf 83' lang='lat' dir='ltr'><strong>Wilmannsiana</strong></span> <span class='ocrx_word' id='word_1_394' title='bbox 545 4341 642 4405; x_wconf 87' lang='lat' dir='ltr'><strong>sylloge</strong></span> <span class='ocrx_word' id='word_1_395' title='bbox 662 4356 687 4390; x_wconf 90' lang='lat' dir='ltr'><strong>n.</strong></span> <span class='ocrx_word' id='word_1_396' title='bbox 705 4341 775 4389; x_wconf 83' lang='lat'>1213</span> <span class='ocrx_word' id='word_1_397' title='bbox 798 4340 831 4389; x_wconf 85' lang='lat' dir='ltr'><strong>ad</strong></span> <span class='ocrx_word' id='word_1_398' title='bbox 851 4341 1043 4404; x_wconf 86' lang='lat' dir='ltr'><strong>inscriptionem</strong></span> <span class='ocrx_word' id='word_1_399' title='bbox 1064 4339 1129 4390; x_wconf 88' lang='lat' dir='ltr'><strong>hauc</strong></span> <span class='ocrx_word' id='word_1_400' title='bbox 1149 4337 1299 4389; x_wconf 88' lang='lat' dir='ltr'><strong>adnotatum</strong></span> <span class='ocrx_word' id='word_1_401' title='bbox 1319 4337 1382 4402; x_wconf 87' lang='lat' dir='ltr'><strong>legi·</strong></span> 
     </span>
     <span class='ocr_line' id='line_1_39' title="bbox 42 4405 1380 4495; baseline -0.002 -13"><span class='ocrx_word' id='word_1_402' title='bbox 42 4405 104 4470; x_wconf 45' lang='lat'><strong>‘¹¹⁸²</strong></span> <span class='ocrx_word' id='word_1_403' title='bbox 123 4424 233 4484; x_wconf 80' lang='lat' dir='ltr'><strong>‘uixisse</strong></span> <span class='ocrx_word' id='word_1_404' title='bbox 254 4430 297 4494; x_wconf 84' lang='lat' dir='ltr'><strong>[Q.</strong></span> <span class='ocrx_word' id='word_1_405' title='bbox 312 4432 462 4482; x_wconf 89' lang='lat' dir='ltr'><strong>Petronium</strong></span> <span class='ocrx_word' id='word_1_406' title='bbox 482 4431 630 4495; x_wconf 89' lang='lat' dir='ltr'><strong>Meliorem]</strong></span> <span class='ocrx_word' id='word_1_407' title='bbox 651 4433 717 4482; x_wconf 87' lang='lat' dir='ltr'><strong>circa</strong></span> <span class='ocrx_word' id='word_1_408' title='bbox 737 4439 846 4481; x_wconf 88' lang='lat' dir='ltr'><strong>aetatem</strong></span> <span class='ocrx_word' id='word_1_409' title='bbox 862 4432 951 4484; x_wconf 83' lang='lat' dir='ltr'><strong>Seueri</strong></span> <span class='ocrx_word' id='word_1_410' title='bbox 965 4431 1111 4482; x_wconf 71' lang='lat' dir='ltr'><strong>Alexandri</strong></span> <span class='ocrx_word' id='word_1_411' title='bbox 1131 4430 1215 4482; x_wconf 86' lang='lat' dir='ltr'><strong>adhuc</strong></span> <span class='ocrx_word' id='word_1_412' title='bbox 1233 4429 1380 4495; x_wconf 83' lang='lat' dir='ltr'><strong>putabatur,</strong></span> 
     </span>
     <span class='ocr_line' id='line_1_40' title="bbox 39 4505 1383 4588; baseline -0.003 -13"><span class='ocrx_word' id='word_1_413' title='bbox 39 4505 109 4564; x_wconf 62' lang='lat' dir='ltr'><strong>⁶¹¹¹ss</strong></span> <span class='ocrx_word' id='word_1_414' title='bbox 135 4525 222 4575; x_wconf 88' lang='lat' dir='ltr'><strong>album</strong></span> <span class='ocrx_word' id='word_1_415' title='bbox 244 4523 406 4574; x_wconf 86' lang='lat' dir='ltr'><strong>sacerdotum</strong></span> <span class='ocrx_word' id='word_1_416' title='bbox 431 4524 498 4588; x_wconf 86' lang='lat' dir='ltr'><strong>apud</strong></span> <span class='ocrx_word' id='word_1_417' title='bbox 519 4523 657 4576; x_wconf 83' lang='lat' dir='ltr'><strong>Gruterum</strong></span> <span class='ocrx_word' id='word_1_418' title='bbox 678 4525 770 4584; x_wconf 90' lang='grc'><strong>300,1</strong></span> <span class='ocrx_word' id='word_1_419' title='bbox 791 4538 859 4574; x_wconf 89' lang='lat' dir='ltr'><strong>anno</strong></span> <span class='ocrx_word' id='word_1_420' title='bbox 877 4525 933 4575; x_wconf 70' lang='grc'><strong>030</strong></span> <span class='ocrx_word' id='word_1_421' title='bbox 958 4524 1024 4574; x_wconf 90' lang='lat' dir='ltr'><strong>inter</strong></span> <span class='ocrx_word' id='word_1_422' title='bbox 1047 4524 1192 4575; x_wconf 88' lang='lat' dir='ltr'><strong>sacerdotes</strong></span> <span class='ocrx_word' id='word_1_423' title='bbox 1211 4524 1297 4572; x_wconf 90' lang='lat' dir='ltr'><strong>nescio</strong></span> <span class='ocrx_word' id='word_1_424' title='bbox 1318 4537 1383 4587; x_wconf 90' lang='lat' dir='ltr'><strong>quoa</strong></span> 
     </span>
     <span class='ocr_line' id='line_1_41' title="bbox 40 4597 1382 4680; baseline 0.001 -18"><span class='ocrx_word' id='word_1_425' title='bbox 40 4597 200 4672; x_wconf 70' lang='lat' dir='ltr'><strong>⁰00ptatam</strong></span> <span class='ocrx_word' id='word_1_426' title='bbox 220 4616 343 4665; x_wconf 82' lang='lat' dir='ltr'><strong>exhibeat</strong></span> <span class='ocrx_word' id='word_1_427' title='bbox 362 4614 394 4675; x_wconf 86' lang='lat' dir='ltr'><strong>Q.</strong></span> <span class='ocrx_word' id='word_1_428' title='bbox 408 4615 558 4666; x_wconf 87' lang='lat' dir='ltr'><strong>Petronium</strong></span> <span class='ocrx_word' id='word_1_429' title='bbox 575 4617 727 4677; x_wconf 69' lang='lat' dir='ltr'><strong>Meliorem</strong></span> <span class='ocrx_word' id='word_1_430' title='bbox 748 4630 804 4665; x_wconf 91' lang='lat' dir='ltr'><strong>eum</strong></span> <span class='ocrx_word' id='word_1_431' title='bbox 825 4622 910 4665; x_wconf 86' lang='lat' dir='ltr'><strong>tamen</strong></span> <span class='ocrx_word' id='word_1_432' title='bbox 929 4616 1005 4666; x_wconf 89' lang='lat' dir='ltr'><strong>huius</strong></span> <span class='ocrx_word' id='word_1_433' title='bbox 1023 4617 1105 4666; x_wconf 88' lang='lat' dir='ltr'><strong>filium</strong></span> <span class='ocrx_word' id='word_1_434' title='bbox 1125 4616 1210 4680; x_wconf 88' lang='lat' dir='ltr'><strong>potius</strong></span> <span class='ocrx_word' id='word_1_435' title='bbox 1229 4615 1308 4666; x_wconf 87' lang='lat' dir='ltr'><strong>fuisse</strong></span> <span class='ocrx_word' id='word_1_436' title='bbox 1328 4630 1382 4664; x_wconf 91' lang='lat' dir='ltr'><strong>mo-</strong></span> 
     </span>
     <span class='ocr_line' id='line_1_42' title="bbox 43 4687 1383 4772; baseline -0.002 -13"><span class='ocrx_word' id='word_1_437' title='bbox 43 4687 97 4740; x_wconf 50' lang='lat' dir='ltr'><strong>uet</strong></span> <span class='ocrx_word' id='word_1_438' title='bbox 116 4720 158 4758; x_wconf 83' lang='lat' dir='ltr'><strong>me</strong></span> <span class='ocrx_word' id='word_1_439' title='bbox 176 4709 363 4769; x_wconf 79' lang='lat' dir='ltr'><strong>Mommsenus,</strong></span> <span class='ocrx_word' id='word_1_440' title='bbox 388 4723 446 4756; x_wconf 92' lang='lat' dir='ltr'><strong>cum</strong></span> <span class='ocrx_word' id='word_1_441' title='bbox 465 4708 543 4772; x_wconf 89' lang='lat' dir='ltr'><strong>legati</strong></span> <span class='ocrx_word' id='word_1_442' title='bbox 562 4708 671 4772; x_wconf 87' lang='lat' dir='ltr'><strong>legionis</strong></span> <span class='ocrx_word' id='word_1_443' title='bbox 691 4707 838 4758; x_wconf 86' lang='lat' dir='ltr'><strong>Alexandri</strong></span> <span class='ocrx_word' id='word_1_444' title='bbox 858 4714 941 4757; x_wconf 87' lang='lat' dir='ltr'><strong>aetate</strong></span> <span class='ocrx_word' id='word_1_445' title='bbox 960 4715 1056 4758; x_wconf 89' lang='lat' dir='ltr'><strong>certum</strong></span> <span class='ocrx_word' id='word_1_446' title='bbox 1075 4708 1221 4772; x_wconf 84' lang='lat' dir='ltr'><strong>exemplum</strong></span> <span class='ocrx_word' id='word_1_447' title='bbox 1241 4707 1325 4758; x_wconf 89' lang='lat' dir='ltr'><strong>adbuc</strong></span> <span class='ocrx_word' id='word_1_448' title='bbox 1344 4722 1383 4756; x_wconf 89' lang='lat' dir='ltr'><strong>rs·</strong></span> 
     </span>
     <span class='ocr_line' id='line_1_43' title="bbox 44 4779 1383 4866; baseline 0.001 -20"><span class='ocrx_word' id='word_1_449' title='bbox 44 4779 155 4849; x_wconf 58' lang='lat' dir='ltr'><strong>Fssrtum</strong></span> <span class='ocrx_word' id='word_1_450' title='bbox 179 4801 212 4849; x_wconf 90' lang='lat' dir='ltr'><strong>sit</strong></span> <span class='ocrx_word' id='word_1_451' title='bbox 236 4791 344 4849; x_wconf 89' lang='lat' dir='ltr'><strong>nullum&#39;</strong></span> <span class='ocrx_word' id='word_1_452' title='bbox 362 4806 466 4849; x_wconf 81' lang='lat' dir='ltr'><strong>-erat</strong></span> <span class='ocrx_word' id='word_1_453' title='bbox 489 4806 574 4849; x_wconf 88' lang='lat' dir='ltr'><strong>autem</strong></span> <span class='ocrx_word' id='word_1_454' title='bbox 594 4799 625 4861; x_wconf 87' lang='lat' dir='ltr'><strong>Q.</strong></span> <span class='ocrx_word' id='word_1_455' title='bbox 646 4799 783 4849; x_wconf 86' lang='lat' dir='ltr'><strong>Petronius</strong></span> <span class='ocrx_word' id='word_1_456' title='bbox 802 4799 898 4849; x_wconf 86' lang='lat' dir='ltr'><strong>Melior</strong></span> <span class='ocrx_word' id='word_1_457' title='bbox 921 4800 988 4850; x_wconf 88' lang='lat' dir='ltr'><strong>tituli</strong></span> <span class='ocrx_word' id='word_1_458' title='bbox 1007 4800 1203 4866; x_wconf 85' lang='lat' dir='ltr'><strong>Tarquiniensis</strong></span> <span class='ocrx_word' id='word_1_459' title='bbox 1227 4800 1325 4864; x_wconf 85' lang='lat' dir='ltr'><strong>legatus</strong></span> <span class='ocrx_word' id='word_1_460' title='bbox 1347 4799 1383 4848; x_wconf 93' lang='lat' dir='ltr'><strong>le·</strong></span> 
     </span>
     <span class='ocr_line' id='line_1_44' title="bbox 51 4867 1384 4956; baseline 0.001 -18"><span class='ocrx_word' id='word_1_461' title='bbox 51 4867 160 4940; x_wconf 67' lang='lat' dir='ltr'><strong>giQum</strong></span> <span class='ocrx_word' id='word_1_462' title='bbox 183 4891 327 4941; x_wconf 86' lang='lat' dir='ltr'><strong>tricesimae</strong></span> <span class='ocrx_word' id='word_1_463' title='bbox 352 4891 446 4956; x_wconf 90' lang='lat' dir='ltr'><strong>Ulpiae</strong></span> <span class='ocrx_word' id='word_1_464' title='bbox 473 4898 499 4940; x_wconf 92' lang='lat' dir='ltr'><strong>et</strong></span> <span class='ocrx_word' id='word_1_465' title='bbox 529 4897 634 4941; x_wconf 87' lang='lat' dir='ltr'><strong>octavae</strong></span> <span class='ocrx_word' id='word_1_466' title='bbox 660 4889 791 4956; x_wconf 88' lang='lat' dir='ltr'><strong>Augustae</strong></span> <span class='ocrx_word' id='word_1_467' title='bbox 804 4917 854 4954; x_wconf 64' lang='lat'><strong>1—,</strong></span> <span class='ocrx_word' id='word_1_468' title='bbox 880 4892 906 4941; x_wconf 89' lang='lat' dir='ltr'><strong>in</strong></span> <span class='ocrx_word' id='word_1_469' title='bbox 930 4891 979 4942; x_wconf 87' lang='lat' dir='ltr'><strong>hac</strong></span> <span class='ocrx_word' id='word_1_470' title='bbox 1004 4907 1032 4941; x_wconf 88' lang='lat' dir='ltr'><strong>re</strong></span> <span class='ocrx_word' id='word_1_471' title='bbox 1057 4899 1168 4942; x_wconf 88' lang='lat' dir='ltr'><strong>erratum</strong></span> <span class='ocrx_word' id='word_1_472' title='bbox 1196 4897 1244 4954; x_wconf 84' lang='lat' dir='ltr'><strong>est;</strong></span> <span class='ocrx_word' id='word_1_473' title='bbox 1273 4906 1334 4940; x_wconf 88' lang='lat' dir='ltr'><strong>nam</strong></span> <span class='ocrx_word' id='word_1_474' title='bbox 1360 4897 1384 4940; x_wconf 86' lang='lat' dir='ltr'><strong>et</strong></span> 
     </span>
    </p>
   </div>
   <div class='ocr_carea' id='block_1_4' title="bbox 58 4965 1385 5139">
    <p class='ocr_par' dir='ltr' id='par_1_4' title="bbox 58 4965 1385 5139">
     <span class='ocr_line' id='line_1_45' title="bbox 58 4965 1385 5049; baseline 0.001 -20"><span class='ocrx_word' id='word_1_475' title='bbox 58 4965 142 5029; x_wconf 50' lang='lat' dir='ltr'><strong>estat,</strong></span> <span class='ocrx_word' id='word_1_476' title='bbox 166 4983 310 5033; x_wconf 84' lang='lat' dir='ltr'><strong>Alexandri</strong></span> <span class='ocrx_word' id='word_1_477' title='bbox 341 4989 366 5032; x_wconf 88' lang='lat' dir='ltr'><strong>et</strong></span> <span class='ocrx_word' id='word_1_478' title='bbox 394 4989 453 5048; x_wconf 90' lang='lat' dir='ltr'><strong>post</strong></span> <span class='ocrx_word' id='word_1_479' title='bbox 481 4983 659 5033; x_wconf 85' lang='lat' dir='ltr'><strong>Alexandrum</strong></span> <span class='ocrx_word' id='word_1_480' title='bbox 685 4984 827 5048; x_wconf 89' lang='lat' dir='ltr'><strong>legatorum</strong></span> <span class='ocrx_word' id='word_1_481' title='bbox 857 4983 988 5048; x_wconf 86' lang='lat' dir='ltr'><strong>legionum</strong></span> <span class='ocrx_word' id='word_1_482' title='bbox 1017 4985 1150 5049; x_wconf 86' lang='lat' dir='ltr'><strong>complura</strong></span> <span class='ocrx_word' id='word_1_483' title='bbox 1180 4991 1250 5034; x_wconf 89' lang='lat' dir='ltr'><strong>certa</strong></span> <span class='ocrx_word' id='word_1_484' title='bbox 1282 4989 1385 5032; x_wconf 88' lang='lat' dir='ltr'><strong>exstant</strong></span> 
     </span>
     <span class='ocr_line' id='line_1_46' title="bbox 67 5061 1383 5139; baseline 0.005 -22"><span class='ocrx_word' id='word_1_485' title='bbox 67 5061 176 5135; x_wconf 68' lang='lat' dir='ltr'><strong>exttaspla</strong></span> <span class='ocrx_word' id='word_1_486' title='bbox 199 5076 226 5124; x_wconf 90' lang='lat' dir='ltr'><strong>in</strong></span> <span class='ocrx_word' id='word_1_487' title='bbox 251 5075 349 5139; x_wconf 82' lang='lat' dir='ltr'><strong>sylloge</strong></span> <span class='ocrx_word' id='word_1_488' title='bbox 374 5075 698 5126; x_wconf 84' lang='lat' dir='ltr'><strong>Orelliana·Henzeniuna</strong></span> <span class='ocrx_word' id='word_1_489' title='bbox 721 5074 802 5126; x_wconf 84' lang='lat'>3143.</span> <span class='ocrx_word' id='word_1_490' title='bbox 830 5075 910 5126; x_wconf 74' lang='lat'>6504.</span> <span class='ocrx_word' id='word_1_491' title='bbox 936 5074 1006 5126; x_wconf 80' lang='grc'>6746</span> <span class='ocrx_word' id='word_1_492' title='bbox 1026 5075 1117 5134; x_wconf 84' lang='lat' dir='ltr'>(=C.</span> <span class='ocrx_word' id='word_1_493' title='bbox 1136 5077 1157 5126; x_wconf 91' lang='lat'><strong>1.</strong></span> <span class='ocrx_word' id='word_1_494' title='bbox 1178 5076 1207 5124; x_wconf 89' lang='lat' dir='ltr'><strong>L.</strong></span> <span class='ocrx_word' id='word_1_495' title='bbox 1227 5073 1294 5136; x_wconf 86' lang='lat' dir='ltr'><strong>vn,</strong></span> <span class='ocrx_word' id='word_1_496' title='bbox 1311 5073 1383 5135; x_wconf 89' lang='grc'><strong>107).</strong></span> 
     </span>
    </p>
   </div>
   <div class='ocr_carea' id='block_1_5' title="bbox 74 5141 1383 5306">
    <p class='ocr_par' dir='ltr' id='par_1_5' title="bbox 74 5141 1383 5306">
     <span class='ocr_line' id='line_1_47' title="bbox 74 5141 1383 5232; baseline 0.001 -19"><span class='ocrx_word' id='word_1_497' title='bbox 74 5141 147 5209; x_wconf 59' lang='lat' dir='ltr'><strong>Wlf-</strong></span> <span class='ocrx_word' id='word_1_498' title='bbox 178 5165 259 5216; x_wconf 90' lang='lat' dir='ltr'><strong>lmmo</strong></span> <span class='ocrx_word' id='word_1_499' title='bbox 279 5167 366 5216; x_wconf 86' lang='lat' dir='ltr'><strong>omnia</strong></span> <span class='ocrx_word' id='word_1_500' title='bbox 386 5181 451 5231; x_wconf 86' lang='lat' dir='ltr'><strong>qnae</strong></span> <span class='ocrx_word' id='word_1_501' title='bbox 469 5168 496 5215; x_wconf 94' lang='lat' dir='ltr'><strong>in</strong></span> <span class='ocrx_word' id='word_1_502' title='bbox 522 5167 596 5216; x_wconf 90' lang='lat' dir='ltr'><strong>titulo</strong></span> <span class='ocrx_word' id='word_1_503' title='bbox 616 5167 797 5232; x_wconf 87' lang='lat' dir='ltr'><strong>Tarquiniensi</strong></span> <span class='ocrx_word' id='word_1_504' title='bbox 823 5168 942 5232; x_wconf 85' lang='lat' dir='ltr'><strong>leguntur</strong></span> <span class='ocrx_word' id='word_1_505' title='bbox 960 5169 1037 5218; x_wconf 85' lang='lat' dir='ltr'><strong>aetati</strong></span> <span class='ocrx_word' id='word_1_506' title='bbox 1058 5167 1268 5218; x_wconf 83' lang='lat' dir='ltr'><strong>Alexandrianae</strong></span> <span class='ocrx_word' id='word_1_507' title='bbox 1287 5165 1383 5230; x_wconf 84' lang='lat' dir='ltr'><strong>optimc</strong></span> 
     </span>
     <span class='ocr_line' id='line_1_48' title="bbox 82 5249 218 5306; baseline 0.074 -10"><span class='ocrx_word' id='word_1_508' title='bbox 82 5249 218 5306; x_wconf 69' lang='lat' dir='ltr'><strong>torrentum.</strong></span> 
     </span>
    </p>
   </div>
   <div class='ocr_carea' id='block_1_6' title="bbox 0 0 1771 5828">
    <p class='ocr_par' dir='ltr' id='par_1_6' title="bbox 0 0 1771 5828">
     <span class='ocr_line' id='line_1_49' title="bbox 0 0 1771 5828; baseline 0 0"><span class='ocrx_word' id='word_1_509' title='bbox 0 0 1771 5828; x_wconf 95' lang='lat' dir='ltr'><strong> </strong></span> 
     </span>
    </p>
   </div>
  </div>
 </body>
</html>
