3496 5828
344 454 392 525 64
936 469 1085 520 ronnas

429 643 653 721 Comprobasse
675 645 765 720 igitur
787 643 859 702 milri
875 643 978 702 videor
1001 661 1065 700 eam
1089 660 1155 701 esse
1177 643 1207 700 in
1229 643 1276 700 his
1292 643 1506 720 hemerologiis
1528 642 1682 701 sermonis

342 747 457 826 proprii
480 748 676 806 constantiam
706 746 805 822 qualis
835 753 1027 804 monumento
1055 764 1093 802 ex
1121 745 1196 821 ipsis
1224 745 1384 822 pontificiis
1409 745 1493 804 libris
1518 744 1682 822 desumpto

342 869 398 908 nec
412 850 597 927 privatorum
612 848 730 907 libidini
745 849 877 906 obnoxio
893 848 1060 906 conveniat.
1104 848 1184 922 quod
1206 847 1230 905 si
1253 854 1333 906 recte
1348 849 1449 918 statui,
1472 847 1684 905 demonstrari

344 952 469 1010 eandem
486 949 563 1028 Opis
584 950 687 1010 aedem
704 969 762 1008 non
779 951 915 1026 potuisse
930 949 961 1007 in
976 951 1023 1008 his
1038 949 1250 1027 hemerologiis
1266 945 1354 1007 modo
1370 953 1400 1007 in
1420 947 1564 1026 Capitolio
1581 949 1681 1023 (Vall.

342 1056 420 1131 Aug.
430 1053 484 1129 25)
497 1053 586 1111 modo
601 1053 749 1132 adseram
762 1051 951 1127 (AmicDec.
964 1051 1015 1126 19)
1028 1052 1104 1121 dici3
1116 1059 1242 1128 apparet
1253 1061 1351 1110 autem
1365 1051 1541 1127 quaestione
1552 1050 1680 1129 dignum

344 1175 410 1215 esse
437 1175 475 1213 an
497 1155 631 1214 eiusdem
653 1154 821 1213 kalendarii
844 1153 941 1211 editor
962 1152 1084 1228 (Amit.)
1108 1155 1231 1212 eandem
1260 1154 1362 1212 aedem
1392 1161 1444 1212 aut
1470 1153 1603 1228 potuerit
1629 1161 1684 1211 aut

343 1258 472 1316 uoluerit
493 1257 582 1314 modo
598 1254 722 1315 Saturni
744 1255 797 1331 (17
813 1255 903 1331 Dec.)
926 1257 1016 1314 modo
1033 1253 1109 1332 Opis
1133 1255 1186 1330 (19
1202 1254 1292 1331 Dec.)
1316 1254 1354 1312 ad
1376 1255 1473 1313 lorum
1496 1255 1607 1314 dicere.
1654 1265 1684 1312 et

343 1361 400 1417 hoc
427 1359 546 1434 quidem
573 1359 623 1416 bic
650 1359 749 1416 editor
775 1377 812 1416 ne
842 1357 911 1416 lecit
937 1359 1071 1433 quidem:
1104 1375 1172 1415 narn
1196 1376 1262 1415 cum
1290 1357 1368 1414 dixit
1387 1357 1513 1433 serpae)
1537 1356 1681 1429 Saturna,

343 1461 498 1537 Saturum)
520 1463 561 1519 ad
573 1462 675 1535 soram
692 1494 729 1503 -
738 1459 865 1536 ser(iae)
884 1460 949 1536 Opi,
976 1459 1035 1535 Opi
1056 1460 1097 1516 ad
1110 1461 1220 1534 soram,
1243 1459 1272 1516 in
1289 1460 1429 1536 ambiguo
1452 1469 1532 1518 certe
1553 1460 1683 1535 reliquit

343 1572 443 1622 utrum
466 1561 587 1623 Saturni
614 1573 644 1622 et
666 1561 743 1638 Opis
771 1561 861 1620 aedes
888 1562 926 1620 ad
951 1562 1050 1620 forum
1073 1562 1161 1620 binae
1183 1581 1222 1620 en
1245 1581 1304 1620 una
1325 1564 1479 1639 utriusque
1502 1562 1548 1620 dei
1574 1561 1681 1620 fuerit:

343 1667 369 1724 si
396 1666 452 1724 snit
478 1685 547 1736 una,
580 1684 653 1725 sane
680 1665 786 1722 mirum
814 1673 862 1722 est
887 1665 967 1740 quod
993 1665 1023 1722 in
1051 1672 1097 1722 tot
1123 1663 1225 1740 templi
1249 1664 1584 1722 commemorationibus
1608 1683 1680 1722 nus-

342 1787 430 1845 quam
458 1769 580 1844 plenum
608 1768 674 1825 eius
701 1785 809 1825 nomen
841 1767 1039 1844 perscriptum
1068 1766 1229 1825 invenitur.
1278 1785 1346 1824 nam
1379 1767 1459 1843 quod
1486 1767 1586 1825 solum
1614 1767 1681 1824 eins

343 1872 545 1929 testimonium
568 1869 738 1940 exhibetur,
760 1868 865 1927 titulus
889 1867 941 1926 Or.
969 1868 1058 1938 1506,
1087 1869 1203 1927 nullum
1226 1887 1294 1928 esse
1320 1869 1399 1926 infra
1421 1869 1590 1945 apparebit.
1636 1869 1681 1926 vi-

343 1973 467 2032 deamus
488 1973 580 2049 igitur
595 1972 632 2030 de
647 1970 724 2049 Opis
747 1970 871 2029 aedibus
892 1971 971 2030 binis
987 1969 1169 2047 Saturnique
1189 1990 1250 2029 una
1272 1971 1343 2048 quid
1365 1971 1506 2030 traditum
1529 1971 1569 2029 sit
1591 1989 1681 2047 prae·

344 2085 388 2134 ter
409 2075 622 2153 hemerologia.

430 2179 456 2236 1.
500 2177 600 2236 Aedes
623 2174 702 2254 Opis
724 2177 755 2234 in
777 2174 928 2252 Capitolio
951 2175 1072 2234 condita
1098 2183 1234 2235 estante
1256 2176 1360 2235 abac
1384 2195 1443 2252 quo
1465 2194 1545 2234 anno
1568 2174 1680 2234 Livius

344 2278 394 2350 30,
411 2277 449 2336 22
476 2279 513 2336 de
540 2299 576 2337 ea
597 2279 672 2336 haec
693 2285 835 2338 testatur:
873 2279 974 2336 addita
1003 2287 1028 2336 et
1049 2297 1135 2336 anam
1156 2279 1229 2336 diem
1251 2279 1424 2354 supplicatio
1447 2288 1487 2337 eat
1509 2297 1543 2337 ea
1565 2279 1681 2336 decreto

338 2382 513 2456 pontificum,
538 2382 615 2457 qnod
635 2383 716 2439 aedis
743 2379 814 2456 Opia
840 2384 869 2438 in
893 2380 1036 2456 Capitol-ic
1064 2381 1098 2437 de
1125 2381 1201 2438 caela
1229 2391 1307 2440 tacta
1334 2391 1403 2440 erat.
1448 2381 1490 2438 ita
1515 2379 1596 2438 libri.
1643 2399 1682 2439 ex

342 2481 434 2541 Livio
461 2482 640 2559 Obsequens
667 2503 691 2540 c.
715 2484 748 2541 3:
786 2483 867 2540 aedis
890 2483 968 2540 Iocis
997 2486 1026 2540 in
1054 2483 1196 2558 Capitolio
1216 2483 1341 2557 fulmine
1369 2487 1427 2542 icta
1453 2492 1509 2542 est:
1543 2482 1682 2557 proclive

343 2595 408 2644 erat
429 2585 561 2644 librariis
583 2586 655 2644 iadis
677 2585 826 2664 corrigere
849 2585 899 2643 ubi
922 2588 986 2660 cpia
1008 2585 1150 2644 traditum
1173 2585 1243 2657 fuit3
1266 2604 1354 2644 nemo
1377 2585 1468 2662 igitur
1487 2584 1567 2642 Iouis
1590 2583 1682 2643 Livio

342 2687 522 2747 restituerit:
546 2695 576 2745 et
597 2687 633 2746 ci.
657 2686 743 2746 infra.

427 2789 455 2849 2.
499 2809 526 2848 a.
552 2789 612 2848 710
635 2789 816 2866 Obsequens
846 2809 871 2848 c.
895 2788 948 2848 68:
986 2792 1109 2850 turbinis
1135 2796 1163 2849 ci
1189 2791 1383 2862 simulacrum,
1410 2790 1487 2867 qaod
1512 2788 1554 2847 M.
1582 2789 1681 2848 Cicero

339 2893 434 2970 plebia
456 2896 524 2952 scito
547 2901 613 2952 ante
634 2892 734 2951 cellam
757 2891 908 2950 Minervae
926 2895 1025 2968 pridie
1046 2913 1132 2969 qnam
1153 2897 1183 2950 in
1205 2893 1320 2951 esiliam
1341 2896 1395 2951 iret
1414 2901 1564 2968 parceret,
1592 2894 1682 2951 dieti-

339 3005 441 3070 patam
461 2997 591 3054 membris
610 3013 734 3070 pronam
756 2999 854 3066 iacuit,
870 2997 978 3070 fractis
1001 2995 1122 3054 terreris
1145 2996 1270 3054 brachiis
1294 2998 1401 3071 capite:
1428 2995 1523 3052 diram
1544 2997 1605 3070 ipsi
1631 2994 1682 3053 Ci-

343 3101 437 3156 ceroni
461 3099 614 3173 portendit.
659 3097 775 3156 tabulae
802 3115 906 3156 aeneae
935 3116 968 3156 es
994 3099 1063 3157 aede
1084 3097 1170 3156 Fidei
1198 3099 1307 3156 turbine
1332 3097 1455 3156 evulsae.
1499 3097 1581 3155 aedis
1606 3095 1683 3172 Opis

341 3199 444 3257 calnae
471 3199 613 3273 effractae.
658 3199 741 3258 vides
768 3199 917 3258 turbinem
945 3207 1137 3259 monumenta
1163 3200 1195 3257 in
1218 3197 1370 3277 Capitolio
1398 3199 1457 3258 sita
1483 3207 1513 3256 et
1539 3199 1619 3257 inter
1648 3218 1684 3257 sa

342 3301 441 3360 vicina
455 3317 577 3376 pessum
592 3300 722 3360 dedisse.
767 3320 827 3358 non
842 3301 920 3380 fugit
934 3302 990 3360 hoc
1005 3302 1208 3360 testimonium
1225 3300 1378 3377 Nibbyum
1395 3300 1444 3374 (R.
1461 3310 1520 3360 ant.
1537 3299 1566 3374 2,
1587 3300 1682 3378 115):

342 3402 396 3462 sed
418 3403 530 3461 errarit
551 3422 618 3462 cum
641 3403 710 3462 aliis
733 3402 935 3480 Capitolinam
958 3403 1062 3462 aedem
1085 3424 1152 3463 cum
1175 3404 1287 3480 templo
1311 3400 1434 3463 Saturni
1456 3403 1682 3464 confundendo.

427 3507 455 3564 3.
500 3524 527 3564 a.
552 3505 612 3564 704
635 3505 757 3583 scripsit
778 3504 883 3565 Cicero
906 3505 944 3565 ad
966 3507 1099 3566 Atticum
1124 3506 1152 3578 6,
1171 3509 1198 3580 1,
1216 3507 1252 3564 17
1262 3528 1269 3565 :
1296 3509 1332 3565 de
1352 3517 1450 3565 etatae
1471 3505 1682 3582 Africani...

342 3611 392 3666 ain
414 3608 461 3666 tul
487 3605 590 3684 Scipio
612 3609 658 3668 la'c
680 3608 813 3667 Metellae
832 3628 975 3686 maccam
996 3629 1078 3669 cnam
1103 3613 1192 3669 nescit
1213 3627 1354 3669 censorem
1375 3627 1431 3666 aon
1446 3609 1550 3683 scitae.
1598 3613 1685 3685 atqui

342 3709 441 3768 babuit
461 3711 535 3768 nibil
557 3709 641 3769 alind
662 3713 830 3788 inscriptam
851 3715 909 3770 nisi
934 3707 1059 3771 ‘censor’
1082 3733 1116 3771 ea
1137 3721 1235 3770 statua
1257 3730 1330 3788 qaae
1351 3707 1371 3780 †
1393 3725 1434 3769 an
1457 3725 1528 3769 01>1s
1551 3725 1616 3768 rsa
1640 3727 1683 3769 rs

343 3810 402 3885 (sic
417 3811 512 3887 Med.)
531 3816 631 3888 posita
652 3816 683 3871 in
705 3812 812 3872 eccene
835 3823 894 3872 est:
916 3817 946 3872 in
966 3815 1021 3872 itta
1036 3825 1130 3873 autem
1151 3833 1225 3890 qaae
1240 3824 1279 3872 eat
1293 3813 1335 3870 ad
1348 3803 1528 3872 Πολυκλέους
1543 3810 1684 3886 (nonnu-

343 3929 458 3972 xnsorc
472 3913 567 3988 Med.)
592 3914 744 3973 Herculem
765 3919 935 3992 inscriptam
957 3926 998 3975 eet
1019 3911 1141 3975 ‘conani'
1159 3959 1165 3974 .
1180 3959 1187 3974 .
1201 3959 1208 3972 .
1224 3926 1255 3974 at
1275 3934 1317 3973 me
1339 3915 1452 3974 hercule
1473 3933 1531 3990 epo,
1563 3933 1626 3973 crem
1651 3919 1681 3972 111

343 4025 434 4074 iurata
454 4019 666 4088 inauratarum,
693 4035 766 4093 qaas
789 4018 834 4075 dic
855 4017 987 4077 Metellus
1009 4021 1040 4075 in
1066 4015 1209 4094 Capitalia
1228 4020 1337 4094 posuit,
1365 4017 1628 4076 animadvertissem
1652 4021 1683 4074 in

343 4115 513 4194 Serapionis
533 4119 737 4194 subscriptione
751 4120 890 4195 Africani
908 4123 1072 4196 irrupinem,
1096 4131 1221 4178 erratum
1235 4119 1346 4194 fabrile
1364 4121 1481 4194 putari:
1501 4136 1577 4176 nanc
1599 4121 1683 4176 uideo

342 4219 463 4278 Metelli.
507 4239 563 4297 pro
586 4222 736 4298 corruptis
759 4221 819 4281 illis
841 4223 877 4279 ab
899 4226 962 4298 apic
981 4233 1076 4298 perte
1098 4241 1175 4298 quae
1197 4223 1228 4280 in
1251 4221 1389 4280 omnibus
1411 4221 1473 4278 fere
1495 4219 1683 4278 editionibus

342 4320 411 4378 inde
434 4341 453 4378 a
467 4321 649 4380 Iensoniaua
667 4322 828 4400 vulgantur
850 4342 885 4382 ac
900 4344 937 4383 ne
960 4343 978 4380 a
1000 4325 1122 4400 nuperis
1144 4324 1263 4400 quidem
1285 4323 1452 4382 editoribus
1468 4322 1591 4382 Baitero
1609 4323 1682 4382 We·

343 4422 500 4499 scnbergio
522 4423 631 4483 Bootio
660 4435 761 4503 spreta
789 4437 872 4484 sunt:
905 4427 941 4484 ab
967 4426 1039 4503 Opia
1063 4436 1160 4502 parte,
1189 4445 1226 4486 ea
1252 4425 1324 4484 mihi
1353 4425 1492 4484 videntur
1519 4425 1592 4482 ferri
1619 4445 1684 4483 non

342 4542 441 4600 posse.
491 4525 606 4585 scilicet
633 4527 742 4586 idonea
768 4529 908 4604 exempla
935 4548 995 4588 non
1026 4529 1096 4587 nori
1123 4528 1234 4604 quibus
1264 4527 1474 4605 comprobetur
1500 4527 1681 4604 scriptorem

343 4626 437 4685 ullum
460 4627 575 4688 dixisse
592 4649 611 4687 a
629 4641 713 4706 parte
735 4630 860 4688 alicuius
884 4631 989 4706 templi
1011 4632 1075 4690 sive
1091 4630 1217 4689 aedificii
1240 4639 1320 4689 stare
1341 4630 1509 4707 positumve
1532 4646 1602 4687 esse
1625 4629 1683 4687 ali-

343 4729 423 4804 quod
445 4741 683 4790 monumentum:
721 4751 790 4790 nam
816 4733 895 4809 quod
922 4733 1015 4792 videri
1042 4733 1140 4810 possit
1166 4751 1235 4790 esse
1261 4733 1401 4790 idoneum
1429 4729 1576 4788 Varronis
1605 4731 1682 4790 illud

343 4831 379 4889 de
401 4831 421 4890 l.
438 4831 458 4890 l.
482 4835 586 4908 5,153
610 4834 653 4910 (p.
674 4835 730 4893 153
755 4833 835 4912 Sp),
858 4836 889 4893 in
911 4835 987 4893 libro
1011 4834 1187 4893 Florentino
1211 4835 1254 4892 sic
1277 4835 1418 4910 scriptum
1441 4833 1518 4909 qaod
1539 4849 1558 4889 Α
1582 4849 1682 4892 1111115

343 4949 471 4993 Psnruu
494 4939 595 5011 pinnis
623 4937 802 5012 tarr-ibaeque
830 4955 960 4996 carceres
988 4937 1054 4994 olim
1071 4941 1201 5013 sueram,
1229 4937 1258 4994 in
1283 4955 1318 4994 eo
1341 4955 1436 5012 neque
1460 4953 1478 4992 a
1499 4939 1575 4992 inari
1592 4945 1683 5010 parte

343 5056 438 5112 neque
460 5058 479 5096 a
501 5038 614 5096 Marcis
633 5049 718 5114 parte
743 5039 836 5098 latere
865 5039 1041 5098 certissimis
1072 5039 1255 5116 argumentis
1278 5039 1374 5098 evinci
1397 5045 1497 5113 potest
1518 5056 1573 5094 nec
1597 5037 1683 5094 deni-

342 5157 400 5213 que
422 5139 481 5198 loci
503 5139 555 5197 ubi
576 5140 687 5197 suerint
709 5159 842 5200 carceres
865 5141 1110 5200 commemoratio
1131 5141 1173 5198 ibi
1197 5140 1318 5198 omnino
1339 5139 1510 5214 requiritur,
1533 5139 1626 5196 immo
1651 5139 1682 5196 id
