3458 5820
348 535 423 607 264
937 550 1081 603 neuneu

344 729 401 786 hoc
423 736 469 786 est
490 727 612 786 exeunti
635 745 650 784 e
672 726 737 784 foro
760 726 790 784 in
813 743 929 784 sacram
949 726 1027 784 viam
1049 723 1168 802 proprie
1191 724 1235 782 sie
1256 724 1365 782 dictam
1387 741 1404 779 e
1425 721 1554 798 regione
1578 719 1676 796 templi

344 829 519 890 Faustinae.
562 829 610 887 bis
632 827 1246 888 1011001100111000000100010011)ον1100
1269 823 1406 885 Salonini
1430 825 1489 882 01
1516 841 1538 880 a
1554 822 1675 880 Momm-

347 951 419 991 seno
441 932 592 990 restituta:
608 931 669 1006 suit
690 939 785 989 statua
806 934 836 987 in
855 931 928 1006 pede
948 934 1050 988 montis
1069 929 1201 988 Romulei
1222 929 1274 987 loc
1295 937 1336 986 eet
1357 936 1439 985 ante
1462 943 1582 984 sacram
1603 929 1673 983 viam

343 1037 435 1092 inter
457 1033 586 1110 ternplum
614 1033 771 1090 Faustinae
797 1051 836 1090 00
861 1033 983 1091 Vestae
1009 1033 1049 1089 ad
1074 1051 1171 1089 arcum
1198 1030 1357 1088 Fabianum
1385 1028 1457 1104 (nisi
1486 1028 1570 1105 qnod
1592 1048 1672 1106 prae

344 1135 462 1194 tulerim
494 1154 530 1193 00
557 1135 685 1205 Vestam,
717 1142 749 1192 ut
781 1134 844 1192 dixi
877 1135 1050 1193 dabresber.
1075 1134 1154 1192 1875
1187 1153 1217 1210 p.
1233 1131 1306 1190 775:
1339 1131 1456 1196 codices
1490 1135 1573 1189 intra
1607 1141 1625 1188 1.
1646 1134 1671 1206 s.

344 1236 519 1313 aduentam),
549 1237 598 1295 ubi
627 1249 751 1314 apparet
776 1247 857 1294 ante
878 1255 991 1296 sueram
1016 1241 1091 1294 viam
1118 1237 1215 1294 locum
1242 1234 1363 1292 eundem
1392 1233 1567 1310 significare
1590 1251 1670 1309 quern

340 1351 422 1416 post
442 1341 572 1415 templum
605 1340 730 1398 Castoris
758 1338 835 1396 dixit
861 1339 1024 1397 scholiasta
1052 1337 1155 1397 Tullii.
1199 1338 1245 1394 his
1275 1338 1390 1395 demum
1418 1335 1603 1394 testimoniis
1633 1337 1671 1394 ita

344 1451 376 1499 ut
402 1442 512 1499 iactum
540 1443 685 1499 enarratis
712 1449 837 1517 apparet
859 1439 1031 1499 Ciceronem
1059 1441 1089 1498 in
1111 1439 1276 1498 Planeiena
1298 1439 1326 1510 7,
1352 1438 1388 1494 17
1410 1437 1550 1496 voluisse
1574 1456 1669 1498 sacrae

343 1543 410 1600 viae
443 1552 522 1601 totae
556 1545 684 1620 spatium
719 1543 842 1601 definire
875 1562 1006 1601 summae
1033 1561 1134 1602 sacrae
1161 1543 1227 1600 viae
1255 1540 1318 1615 (ubi
1347 1548 1453 1616 postea
1479 1557 1572 1598 arcus
1598 1540 1668 1616 Titi)

343 1655 432 1722 atque
458 1645 581 1703 fornicis
603 1645 730 1703 Fabiani
754 1646 1040 1704 commemoratione.
1084 1643 1262 1721 relinquitur
1288 1643 1367 1719 qnod
1393 1643 1517 1722 negotia
1545 1643 1667 1702 10000001

343 1767 433 1805 00010
460 1749 661 1806 testimonium
690 1747 871 1806 scholiastae
896 1747 996 1806 Persii
1019 1747 1047 1819 6,
1064 1747 1117 1805 49:
1142 1747 1242 1822 puteal
1263 1745 1410 1805 Scribonia
1432 1745 1550 1803 Licinii
1577 1757 1617 1804 est
1642 1749 1666 1803 in

339 1853 454 1926 porticu
476 1849 556 1908 Iulia
578 1851 619 1908 ad
638 1849 802 1908 Fabianum
823 1869 930 1908 arcum.
974 1849 1074 1924 puteal
1102 1849 1230 1906 creditur
1255 1866 1322 1906 esse
1350 1847 1380 1905 id
1409 1847 1490 1922 qnod
1519 1848 1553 1905 in
1580 1848 1665 1906 forma

343 1969 378 2008 eo
406 1951 522 2010 nomine
545 1953 684 2028 insignivi
708 1952 818 2027 (quode
839 1951 975 2028 pluribus
1000 1951 1108 2010 dictum
1135 1947 1559 2023 Ηο110.7,285.10111001101.
1586 1951 1665 2021 1875,

344 2053 431 2127 755);
455 2072 533 2129 quae
555 2054 725 2113 coniectura
746 2054 862 2112 etiamsi
884 2053 962 2112 feisa
985 2063 1073 2126 esset,
1096 2063 1195 2112 tamen
1217 2053 1255 2110 ob
1277 2059 1440 2110 ceterorum
1463 2054 1586 2111 testium
1608 2054 1662 2111 lan·

344 2154 478 2213 datorum
501 2173 676 2214 consensum
693 2166 803 2214 certum
827 2165 907 2213 esset
928 2156 1074 2232 porticum
1096 2156 1178 2214 illam
1194 2155 1302 2213 lulium
1319 2172 1385 2212 esse
1407 2173 1468 2212 non
1491 2172 1584 2232 posse
1605 2174 1662 2232 por·

342 2257 432 2315 ticum
455 2257 596 2316 basilicae
611 2258 721 2330 luliae3
744 2257 852 2316 falsum
875 2258 966 2335 igitur
988 2276 1053 2316 esse
1075 2257 1156 2333 quod
1178 2257 1273 2316 visum
1295 2255 1395 2314 Rosae
1417 2256 1551 2332 aliisque
1573 2276 1659 2315 areum

342 2359 461 2416 stetisse
483 2359 514 2416 in
537 2359 648 2437 angulo
669 2359 811 2418 basilicae
833 2359 929 2418 Iuliae
951 2380 985 2417 eo
1008 2361 1058 2436 qui
1080 2357 1218 2418 Castoris
1244 2358 1354 2435 templo
1377 2377 1393 2415 e
1415 2359 1540 2435 regione
1563 2371 1606 2418 est
1625 2360 1658 2436 (r.

343 2461 514 2519 Jahresber.
530 2481 559 2538 p.
577 2461 660 2536 775).
698 2479 765 2520 0000
780 2481 845 2520 earn
861 2462 1006 2539 porticum
1022 2462 1105 2520 aedis
1121 2461 1275 2533 1110110111,
1297 2460 1376 2537 quod
1392 2459 1531 2519 Beckero
1546 2463 1660 2539 aliisque

340 2563 445 2634 visum,
468 2581 533 2622 eam
556 2573 635 2622 certe
657 2563 872 2622 dubitationem
888 2571 986 2621 movet
1008 2563 1087 2640 quod
1108 2564 1140 2622 in
1161 2563 1260 2641 platea
1281 2581 1358 2638 quae
1380 2562 1466 2621 aedis
1488 2564 1579 2622 huius
1600 2564 1658 2622 snb·

341 2666 533 2724 structionem
563 2667 751 2741 superstitem
785 2666 886 2738 ambit,
922 2665 1004 2724 nulla
1039 2667 1171 2741 porticae
1201 2665 1326 2740 vestigia
1358 2683 1564 2740 comparuere.
1615 2664 1658 2724 sed

340 2767 429 2826 huius
449 2767 565 2844 plateae
585 2778 686 2828 00001
703 2767 839 2827 condicio
862 2777 894 2826 ut
916 2777 978 2826 tota
999 2767 1134 2826 barbaris
1150 2767 1284 2825 manibus
1299 2766 1435 2825 videatur
1457 2769 1658 2826 transformata

341 2887 417 2928 esse.
440 2903 477 2912 -
499 2871 536 2928 ab
569 2870 701 2946 antiquis
734 2869 912 2928 testimoniis
945 2869 1155 2929 transeundum
1189 2869 1226 2927 ad
1258 2870 1430 2927 memoriam
1465 2873 1657 2929 narrationum

341 2972 377 3029 de
410 2971 505 3029 titulis
529 2971 691 3029 Fabiorum
713 2991 759 3029 aa.
786 2971 863 3031 1546
893 2979 923 3030 01
952 2973 1002 3049 qui
1030 2972 1248 3048 praecedebant
1273 2983 1343 3048 post
1368 2960 1513 3029 Rossium
1542 2974 1658 3032 breviter

340 3073 584 3131 examinandamt
608 3073 659 3131 vix
682 3075 759 3131 enim
781 3075 878 3132 habeo
896 3074 976 3149 quod
998 3075 1135 3152 egregiae
1157 3075 1222 3132 eins
1237 3073 1428 3150 disputationi
1453 3074 1575 3133 addam.
1615 3075 1658 3132 do·

340 3175 402 3232 cuit
427 3175 519 3251 igitur
547 3176 675 3252 primum
703 3175 807 3234 titulos
834 3177 873 3246 A,
900 3175 967 3234 dein
991 3177 1021 3234 Β
1042 3176 1145 3234 eodem
1172 3176 1234 3234 fere
1260 3196 1276 3234 e
1301 3175 1368 3233 1000
1393 3186 1565 3252 0101100100
1587 3195 1657 3236 esse:

340 3295 427 3352 quem
449 3277 547 3335 locum
571 3295 638 3336 esse
661 3297 677 3334 e
699 3278 820 3355 regione
846 3277 947 3353 templi
970 3277 1132 3336 Faustinae
1154 3295 1257 3336 uersus
1280 3277 1454 3336 Palatinum
1480 3290 1611 3338 montem
1635 3289 1657 3336 et

340 3387 401 3436 tres
424 3377 591 3449 columnas3
623 3379 753 3437 Palatini
781 3379 859 3438 enim
887 3380 1022 3438 viciniam
1049 3379 1246 3438 demonstrari
1272 3389 1333 3438 tam
1360 3381 1475 3439 codicis
1504 3381 1656 3440 Metelliani

342 3480 379 3538 de
402 3481 496 3538 titulis
520 3481 548 3536 A
570 3482 740 3540 testimonio
756 3482 875 3540 diserto
897 3500 987 3558 quam
1010 3483 1121 3541 codicis
1144 3482 1308 3540 Manutiani
1334 3481 1370 3539 de
1396 3483 1494 3540 titulis
1516 3483 1547 3541 B
1570 3485 1656 3541 verbis

339 3583 386 3640 his
408 3585 436 3640 in
456 3585 579 3653 comiti03
603 3584 745 3642 creditum
769 3585 846 3641 enim
870 3603 936 3642 0000
957 3603 993 3643 00
1014 3595 1188 3661 tempestate
1210 3585 1360 3643 comitium
1383 3583 1536 3644 radicibus
1558 3585 1657 3644 Palatii

340 3685 469 3743 vicinum
492 3702 560 3743 0000
575 3683 618 3762 (0.
635 3685 720 3762 313).
764 3697 852 3763 atque
874 3687 930 3744 hoe
945 3687 1064 3764 quidem
1087 3705 1158 3744 0000
1179 3697 1265 3745 extra
1283 3689 1520 3747 controversiam
1536 3689 1654 3765 positum

339 3794 393 3844 est.
448 3807 515 3844 nam
549 3806 613 3845 eum
646 3788 757 3846 comitii
790 3789 933 3847 memoria
965 3801 1033 3864 post
1063 3789 1214 3848 interitum
1251 3790 1366 3867 imperii
1399 3791 1515 3848 romani
1550 3792 1655 3867 penitus

339 3889 472 3947 extincta
494 3889 541 3961 011,
570 3889 612 3947 110
639 3899 669 3947 01
697 3910 732 3947 00
755 3890 785 3947 10
807 3891 987 3950 Mirabilium
1011 3892 1128 3968 quidem
1156 3892 1234 3949 libro
1257 3893 1383 3968 eiusque
1405 3894 1580 3952 commentis
1601 3911 1654 3950 sae·

339 3991 406 4049 culo
427 3991 504 4049 XIV
530 3993 650 4070 scriptis
678 4012 784 4050 nomen
811 3993 875 4051 eius
902 3993 1134 4070 redintegratum
1161 3995 1210 4064 sit,
1238 3994 1352 4070 primus
1378 4003 1411 4052 ut
1438 3994 1558 4053 videtur
1579 3995 1653 4053 Blen-

339 4092 394 4151 dns
420 4093 544 4152 Flavius
570 4093 684 4153 Romae
711 4093 948 4166 00187100.
978 4094 1190 4155 Graecostasin
1216 4100 1246 4154 in
1272 4099 1373 4154 montis
1400 4095 1537 4154 Palatini
1562 4095 1653 4172 angulo

338 4205 437 4252 eontra
458 4195 599 4254 Antonini
620 4207 645 4254 et
668 4198 825 4256 Faustinae
846 4201 944 4256 neoris
970 4198 1072 4270 inisse,
1100 4199 1251 4256 comitium
1279 4207 1377 4256 autem
1404 4201 1433 4255 in
1456 4201 1528 4274 soro
1549 4215 1652 4256 romano

338 4300 411 4353 inter
438 4301 539 4354 turrim
565 4315 637 4372 puae
657 4298 813 4357 Pallara
840 4299 1005 4376 appellatur
1032 4309 1058 4358 et
1084 4301 1164 4359 lacus
1191 4297 1284 4358 Curtii
1309 4301 1399 4359 locum
1422 4299 1526 4376 (quem
1550 4302 1652 4359 dixerat

338 4417 354 4454 e
382 4397 503 4474 regione
529 4417 593 4458 esse
621 4398 676 4460 SS.
704 4399 834 4460 Cosmae
862 4411 891 4459 01
917 4401 1057 4460 Damiani
1084 4402 1236 4478 templum,
1264 4404 1401 4478 collisque
1428 4401 1560 4461 Palatini
1585 4419 1652 4479 quen

331 4503 401 4576 soro
423 4504 566 4559 imminere
588 4505 713 4561 uidemus
734 4505 847 4562 radices
869 4515 896 4562 et
915 4503 1074 4562 Faustinae
1094 4516 1278 4563 monumenta.
1321 4505 1426 4562 turrim
1450 4504 1533 4562 illam
1557 4505 1651 4562 dietam

339 4602 467 4662 Pellara
488 4603 582 4662 fuisse
598 4604 635 4662 ad
659 4623 682 4662 s.
699 4605 812 4663 Mariae
834 4606 864 4663 in
881 4606 1001 4663 Pallara
1023 4607 1188 4678 ecelesiam⁷
1211 4625 1287 4682 quae
1308 4606 1364 4664 luit
1385 4607 1415 4664 in
1432 4605 1554 4665 Palatio
1572 4622 1651 4684 propt

338 4723 438 4762 areum
463 4704 524 4763 Titi
548 4705 589 4781 (v.
606 4707 683 4784 Top.
702 4704 729 4779 2,
742 4707 827 4782 509),
855 4709 929 4766 satis
955 4717 1068 4766 certum
1096 4709 1221 4767 videtur.
1267 4727 1301 4766 ae
1323 4708 1360 4765 de
1380 4705 1576 4768 Graecostasi
1597 4707 1652 4784 qui-

337 4807 403 4864 dem
431 4807 583 4883 persuasit
604 4809 772 4867 Albertinio
801 4809 961 4868 1111111ῐ
987 4811 1033 4868 ed.
1056 4811 1132 4868 maz.
1156 4821 1187 4868 at
1213 4829 1289 4887 quae
1316 4810 1418 4868 eodem
1446 4828 1506 4886 quo
1528 4810 1651 4869 Blandus

337 4919 470 4986 tempore
496 4911 631 4988 Poggius
659 4911 777 4988 scripsit
803 4911 839 4971 de
861 4932 923 4972 var.
945 4913 1084 4971 fortunae
1106 4912 1179 4971 libl
1204 4933 1232 4989 p.
1251 4912 1287 4970 21
1313 4912 1372 4986 (ed.
1395 4912 1493 4970 Paris.
1517 4933 1544 4970 a.
1570 4909 1650 4984 1723)

337 5031 374 5069 ex
401 5021 485 5087 parte
511 5025 625 5071 tantum
653 5014 805 5092 intellego:
834 5018 936 5089 sorum
962 5033 1029 5073 esse
1054 5033 1203 5092 porcorum
1232 5014 1453 5090 bubalorumque
1479 5015 1649 5072 diuersorum

338 5117 476 5172 comitium
498 5104 624 5174 serendis
647 5117 769 5174 oleribus
791 5117 901 5176 0011010.
946 5126 1021 5176 estet
1046 5128 1137 5176 tamen
1166 5120 1271 5175 comitii
1287 5120 1384 5193 portio
1407 5119 1551 5192 quaedam
1571 5133 1649 5173 mure

336 5219 701 5291 1001001001011001010,
730 5221 760 5275 in
781 5219 882 5294 quibus
904 5221 998 5279 adbuc
1020 5221 1076 5277 duo
1098 5223 1182 5296 sipna
1203 5237 1363 5277 marmorea
1383 5228 1483 5295 100010
1504 5223 1533 5277 in
1555 5231 1647 5278 sunno
