3496 5828
636 466 685 515 ns
705 465 834 518 seems
853 467 946 518 orrs.
1408 453 1454 521 69

136 647 176 698 tus
204 651 248 698 est
273 639 377 698 titulus
403 639 553 718 genuinus
581 639 645 711 ille,
676 657 764 715 quem
786 639 961 698 Mazoebius
990 640 1041 698 sol.
1068 640 1179 699 XXVI
1200 642 1349 714 exhibuit,
1377 643 1454 702 loeus

130 743 296 818 edeiqnetus
320 761 339 798 a
361 741 454 816 Ninro
477 752 503 799 et
525 741 700 800 Castoniano
723 759 783 800 eur.
806 761 921 818 operum
939 742 1125 818 publicorum.
1170 743 1276 802 deiude
1304 744 1363 802 iam
1392 754 1454 802 tum

125 864 188 902 oum
208 842 356 902 Gruterus
373 841 564 903 Gutensteuii
587 862 680 918 opera
703 859 775 901 usus
792 853 838 901 est
852 843 1020 920 Regionum
1044 845 1126 904 urbis
1148 845 1186 902 ab
1209 845 1328 904 homine
1352 847 1453 924 ignoto

119 945 369 1022 interpolatsrum
392 945 577 1022 exemplaria
598 945 629 1002 in
652 944 788 1004 manibus
811 947 942 1004 omnium
965 955 1059 1005 erant.
1103 947 1162 1004 iam
1185 965 1250 1005 eum
1273 948 1303 1005 in
1325 949 1454 1024 genuina

116 1045 239 1104 Notitia
260 1047 416 1124 regionum
439 1047 490 1122 (R.
508 1045 600 1121 Vlll)
624 1048 765 1122 scriptum
789 1048 829 1106 sit
850 1048 981 1123 ternplum
1005 1046 1136 1119 Saturni,
1164 1049 1232 1106 inde
1259 1050 1379 1127 ignotus
1403 1050 1454 1109 ille

115 1149 252 1224 scriptor
275 1149 354 1225 (eod.
376 1147 446 1207 Vat.
471 1149 567 1225 3394)
594 1149 654 1206 leni
681 1169 771 1208 manu
799 1149 895 1208 effecit
917 1151 995 1208 aedis
1019 1150 1091 1226 Opis
1114 1160 1139 1209 et
1161 1149 1291 1221 Saturni,
1313 1153 1453 1210 nimirum

111 1269 234 1308 memor
249 1269 353 1310 eorum
375 1251 502 1327 quaeda
526 1251 631 1308 horum
653 1252 805 1310 numinum
828 1251 972 1329 religione
995 1253 1075 1328 apud
1089 1253 1275 1311 Macrobium
1291 1251 1353 1313 Sat.
1373 1256 1399 1326 l,
1415 1255 1452 1312 10

110 1350 242 1427 legerat.
286 1354 432 1412 audacius
448 1372 509 1411 rem
526 1355 587 1428 egit
609 1353 700 1411 lanus
717 1353 899 1413 Parrhasius
915 1355 945 1411 iu
961 1353 1089 1414 editione
1105 1353 1237 1412 Victoris
1260 1355 1305 1413 sui
1326 1375 1353 1413 a.
1373 1356 1451 1414 1505

107 1454 231 1513 emissa
259 1473 327 1513 eum
356 1455 477 1532 scripsit
499 1456 579 1514 aedis
604 1454 675 1530 Opis
698 1465 723 1514 et
745 1454 868 1513 Saturni
890 1459 919 1513 in
942 1459 1003 1516 uice
1026 1459 1147 1531 inperio,
1176 1474 1253 1532 quae
1281 1457 1373 1515 verba
1399 1477 1453 1532 per

108 1553 264 1616 editiones
287 1555 418 1616 Victoris
447 1557 632 1632 posteriores
660 1565 826 1634 propagata
854 1565 925 1616 sunt
952 1557 992 1634 (v.
1016 1556 1094 1635 Top.
1119 1557 1147 1630 2,
1164 1559 1222 1616 303
1240 1557 1311 1634 ss),
1340 1558 1451 1617 abusus

105 1654 160 1711 ille
178 1657 339 1717 Vallensis
356 1659 522 1719 kalendarii
545 1661 605 1717 ism
628 1669 688 1717 tum
711 1661 848 1718 omnibus
872 1661 934 1718 triti
956 1667 1028 1718 nota
1050 1659 1088 1718 ad
1113 1660 1150 1717 10
1167 1661 1245 1738 Aug.
1262 1663 1360 1736 seriae
1380 1679 1452 1719 aree

111 1755 190 1831 Opis
217 1770 242 1818 et
259 1761 370 1819 Cereris
394 1765 423 1818 in
438 1765 499 1820 nino
520 1765 634 1838 irnperio
650 1764 816 1820 constitutae
831 1773 904 1820 sunt.
922 1795 960 1803 -
976 1781 1054 1837 quae
1076 1781 1141 1819 eum
1164 1763 1206 1819 ita
1228 1762 1288 1820 siut
1310 1763 1449 1838 quoniam

102 1858 220 1920 aedem
243 1859 366 1921 Saturni
394 1863 472 1921 binis
496 1861 618 1922 Saturni
645 1873 675 1922 et
697 1861 774 1940 Opis
803 1864 973 1922 nominibus
1002 1863 1242 1940 cognominatam
1272 1882 1340 1922 esse
1362 1885 1450 1922 nemo

102 1965 253 2034 testatur,
280 1973 512 2024 cousentaneum
534 1975 581 2024 est
602 1966 658 2024 boa
681 1965 777 2024 solum
801 1965 937 2042 relinqui,
961 1975 993 2024 ut
1015 1984 1195 2041 quaeramus
1218 1985 1257 2024 sn
1280 1967 1451 2026 testimonia

101 2064 170 2119 tam
198 2064 357 2125 Ciceronis
380 2068 416 2125 de
438 2067 566 2144 pecunie
587 2067 709 2144 publiea
730 2087 749 2124 a
771 2065 902 2126 Caesare
924 2069 965 2126 ed
981 2068 1052 2143 Opis
1074 2068 1179 2126 relicta
1200 2085 1291 2144 quam
1314 2069 1449 2127 hemero-

99 2157 184 2238 logii
209 2169 393 2228 Amiternini
416 2169 452 2226 de
476 2167 624 2244 Opalibus
652 2170 691 2227 od
709 2171 809 2244 forant
837 2169 923 2227 laetis
945 2170 1114 2245 pertineant
1135 2170 1173 2228 ad
1200 2170 1305 2229 aedem
1328 2169 1450 2232 Saturni

98 2273 218 2329 notam
240 2279 332 2346 atque
354 2290 392 2330 ex
408 2279 492 2347 parte
514 2269 714 2347 superstitem,
738 2271 821 2330 euius
840 2270 960 2347 plenum
977 2291 1085 2330 nomen
1101 2272 1177 2330 miro
1200 2290 1271 2332 nasu
1288 2305 1325 2316 -
1342 2273 1448 2332 mirum

96 2365 191 2427 enirn
216 2381 262 2431 tot
285 2373 406 2431 testium
437 2374 630 2448 ipsorumque.
653 2381 786 2431 sotorum
815 2373 966 2431 silentium
990 2374 1120 2450 profecto
1142 2374 1240 2433 dicere
1261 2374 1330 2434 licet
1347 2409 1384 2418 -
1400 2393 1449 2433 oo·

93 2464 258 2533 cultstum
280 2474 381 2532 luerit.

195 2574 260 2636 Sed
282 2595 380 2652 pauca
401 2577 567 2652 praefanda
595 2588 665 2636 sunt
686 2577 791 2636 harum
820 2579 1028 2654 quaestionum
1053 2579 1185 2636 examini
1207 2578 1243 2636 de
1266 2579 1448 2637 sociatorum

89 2663 127 2720 5¹¹
158 2676 296 2756 singulis
324 2679 441 2756 templis
470 2679 624 2738 numinum
653 2680 734 2738 cultu
763 2688 851 2756 atque
874 2680 1054 2738 nominibus.
1099 2690 1200 2738 notum
1223 2691 1268 2738 est
1290 2681 1447 2756 pontifices

87 2783 240 2845 negesse
264 2781 353 2839 licere
375 2781 493 2840 Honori
516 2793 545 2839 et
565 2781 678 2840 Virtuti
700 2781 803 2840 aedem
827 2801 917 2840 uuam
941 2781 1081 2853 dedicari,
1103 2782 1180 2856 quod
1200 2782 1341 2857 nepubant
1363 2800 1448 2840 anum

90 2869 214 2940 cellam
229 2883 341 2942 duobus
363 2894 435 2943 reete
449 2884 588 2955 dedicari,
611 2887 689 2960 quie,
712 2887 739 2942 si
760 2885 794 2941 de
816 2884 894 2942 caelo
917 2893 994 2943 tacta
1016 2893 1067 2942 aut
1086 2884 1204 2958 prodiyi
1225 2883 1340 2958 aliquid
1361 2887 1390 2941 in
1413 2904 1446 2943 ea

79 2968 219 3042 sactum
236 2996 318 3057 esset,
341 2985 466 3061 difficilis
478 2989 646 3062 procuratio
662 2987 751 3060 soret,
774 2987 853 3062 quod
873 2990 929 3044 utri
945 2988 995 3044 deo
1018 3005 1063 3044 res
1085 2987 1184 3043 diutina
1200 2987 1281 3062 fieret
1303 2988 1371 3043 sciri
1393 3005 1446 3044 non

81 3085 224 3144 P⁰⁸8et:
245 3105 337 3162 neque
359 3091 431 3146 enirn
447 3089 553 3146 duobus
576 3091 634 3146 nisi
655 3091 738 3147 certis
753 3089 813 3146 deis
835 3091 889 3146 rite
904 3105 961 3146 nna
984 3087 1079 3146 boetia
1094 3090 1171 3164 fieri.
1209 3091 1250 3144 ita
1265 3088 1367 3145 addita
1383 3088 1446 3146 Ver·

86 3177 173 3238 Μὴ
199 3191 284 3248 aedis
304 3190 498 3265 adproperato
519 3207 602 3265 opere
617 3196 684 3248 cett.
702 3188 783 3265 (Liv.
801 3189 850 3261 st,
867 3189 929 3264 25).
974 3207 1051 3265 quae
1069 3191 1160 3248 verba
1183 3190 1208 3247 si
1231 3197 1310 3247 reete
1333 3191 1447 3266 scripta

84 3286 177 3341 ΝΜ
199 3291 232 3349 iu
256 3290 421 3363 oodioibuS,
444 3291 596 3350 Honorem
620 3301 649 3348 et
671 3291 819 3350 Virtutem
842 3300 967 3368 apparet
989 3309 1047 3350 nou
1074 3291 1167 3350 fuisse
1190 3293 1267 3350 inter
1289 3291 1361 3350 deos
1384 3311 1445 3350 eer-

83 3377 169 3454 ²⁰³3
194 3394 271 3452 certi
294 3401 392 3451 autem
415 3394 439 3452 si
463 3395 523 3452 sint
544 3393 640 3450 eidem
656 3411 732 3468 quos
749 3392 847 3450 Varro
870 3393 926 3451 hoe
941 3395 1061 3452 nomine
1084 3393 1248 3470 insignivit,
1271 3411 1332 3451 una
1346 3393 1447 3454 hostia

84 3470 171 3543 fieri
194 3494 335 3572 potuisse
362 3495 420 3554 diis
447 3495 525 3554 binis
547 3515 585 3552 ex
612 3513 714 3553 eorum
743 3513 866 3553 numero
890 3513 965 3570 quos
991 3491 1023 3552 ‘a
1044 3496 1119 3553 Iano
1141 3495 1179 3553 ad
1200 3491 1361 3553 Naeuiam'
1385 3496 1445 3552 sin-

81 3582 186 3648 gulis
210 3597 371 3655 momentis
394 3597 473 3655 vitae
501 3597 649 3655 humanae
676 3597 845 3673 praefuisse
874 3585 976 3655 notum
999 3608 1054 3668 est,
1082 3617 1142 3655 nou
1171 3599 1308 3674 potuisse
1336 3597 1444 3656 ceteris

81 3679 229 3756 sel‘tetis
253 3699 446 3774 incertisque,
468 3718 524 3757 nee
546 3699 682 3775 potuisse
711 3699 758 3756 his
788 3697 876 3758 sedes
904 3698 960 3756 nisi
988 3699 1116 3777 singulis
1146 3699 1280 3777 singulas
1303 3697 1443 3757 dedicari.

79 3775 244 3858 Honoris
268 3811 299 3858 et
320 3801 449 3858 Virtutis
478 3801 651 3859 numinibus
679 3820 787 3878 genere
814 3801 899 3876 paria
927 3810 996 3858 sunit
1017 3801 1139 3858 Paomis
1161 3810 1187 3858 et
1208 3800 1349 3870 Pallante,
1374 3798 1445 3876 Spei

81 3888 112 3935 ⁶²
136 3891 311 3961 Fortunae:
332 3902 523 3960 confirmatur
542 3903 646 3979 regula
660 3903 815 3978 pontificia
829 3921 865 3960 eo
882 3902 962 3977 quod
984 3902 1045 3960 illis
1067 3912 1201 3977 tempore
1224 3902 1444 3977 antiquissimo,

79 3979 144 4044 his
175 4005 265 4062 tertio
289 4011 435 4080 quartove
458 4024 486 4080 p.
509 4002 543 4063 C.
567 4023 595 4062 n.
620 4005 742 4064 saeculo
765 4005 844 4062 binis
867 4003 946 4076 bina,
975 4023 1033 4060 non
1063 4005 1182 4080 singula
1203 4005 1316 4080 templa
1342 4004 1442 4062 aedili·

80 4097 173 4153 ⁰atss
193 4113 274 4164 siunt.
320 4105 373 4164 ills
388 4115 600 4164 commemorat
616 4105 733 4176 Livius,
756 4106 829 4164 haee
848 4103 966 4163 Notitia
989 4105 1152 4182 regionum.
1196 4107 1255 4163 iam
1279 4112 1443 4163 ceterarum

80 4192 226 4266 aedium
250 4225 404 4266 sacrarum
427 4208 717 4286 anteprincipatum
734 4209 863 4284 Augusti
886 4207 1071 4266 conditarum
1094 4208 1188 4266 fastos
1211 4206 1441 4284 perlustramus:

79 4301 173 4357 “²¹⁴³
196 4317 269 4368 sunt
291 4309 397 4368 sociati
421 4310 546 4368 deorum
561 4310 698 4368 binorum
721 4319 910 4368 ternorumve
933 4310 1060 4386 singulis
1078 4309 1203 4368 aedibus
1219 4309 1317 4366 uultus
1342 4327 1442 4366 exem·

81 4381 163 4456 Pl&-
210 4411 358 4469 demenda
381 4419 452 4470 sunt
474 4431 512 4470 ex
534 4430 659 4470 numero
682 4411 888 4488 exemplorum
912 4412 1024 4487 templa
1045 4412 1127 4470 Iovis
1150 4411 1273 4469 Iunonis
1289 4410 1442 4469 Minervae

85 4480 324 4584 Capitolinum,
353 4511 472 4572 Cereris
500 4513 602 4572 Liberi
625 4513 813 4589 Liberaeque
840 4513 877 4570 ad
903 4513 1013 4571 circum
1041 4513 1218 4572 maximum:
1247 4513 1335 4570 huius
1363 4512 1441 4570 enim

86 4580 326 4672 Graecanicam
350 4614 497 4692 originem
520 4633 580 4673 non
603 4616 749 4690 estquod
772 4614 944 4688 edisseram,
969 4615 1004 4672 de
1026 4615 1106 4673 illius
1128 4615 1233 4673 triadis
1256 4614 1372 4692 origine
1394 4613 1441 4670 vel

86 4685 215 4772 Italies
238 4715 284 4774 vel
308 4713 494 4775 Graecanica
521 4717 577 4776 etsi
605 4735 664 4775 non
692 4717 830 4775 convenit
855 4717 933 4776 inter
959 4717 1096 4776 homines
1120 4717 1280 4775 doctos-
1296 4735 1343 4774 me
1365 4715 1441 4773 seito

88 4784 135 4899 d}
162 4805 354 4876 Graecanica
377 4837 437 4876 non
459 4818 596 4878 dubitare
612 4855 649 4863 —
667 4827 765 4878 tamen
792 4818 934 4877 cellarum
962 4819 1071 4878 divisio
1098 4828 1169 4877 nota
1191 4819 1264 4876 iuris
1287 4816 1441 4893 pontifica-

89 4887 135 4950 l¹⁸
173 4929 311 4976 normam
346 4937 438 4996 supra
470 4920 641 4998 expositam
673 4920 839 4979 confirmat.
883 4928 982 4979 cetera
1009 4920 1150 4998 exempla
1176 4919 1312 4977 binorum
1344 4916 1439 4974 numi·

93 5007 174 5065 ”um
202 5019 329 5096 singulis
352 5021 476 5080 aedibus
491 5023 640 5080 cultorum
663 5029 716 5080 aut
731 5039 803 5080 vera
829 5029 881 5081 aut
903 5041 978 5099 quae
994 5022 1150 5082 videantur
1174 5037 1242 5078 esse
1264 5019 1338 5077 baec
1360 5026 1438 5075 sunt.
