3516 5828
344 500 391 570 90
776 513 1079 565 auuruauanrvu
1105 515 1238 566 vcu.11

427 691 533 766 Itaque
561 689 650 747 etiam
673 688 729 746 hoc
755 707 865 747 novum
887 699 1037 764 repertum
1065 705 1246 764 quamquam
1267 689 1365 746 bonae
1388 688 1484 766 frugis
1506 689 1631 766 plenum
1656 691 1686 747 'et

344 793 547 871 gratissimum
575 793 640 850 sine
671 792 762 849 dubio
788 809 847 849 non
870 791 1095 850 nobistantum
1119 789 1171 849 sed
1193 791 1332 849 omnibus
1356 790 1546 866 antiquitatis
1569 791 1686 850 Roma-

344 916 401 954 nae
430 895 564 970 iurisque
591 894 767 964 cultoribuS,
795 894 859 952 eius
888 893 993 970 partis,
1017 911 1092 969 quae
1120 900 1171 950 aut
1193 894 1282 968 periit
1303 902 1355 950 aut
1376 893 1505 951 nondum
1528 894 1560 951 in
1582 894 1685 952 lucem

345 998 466 1076 prodiit,
490 996 669 1054 desiderium
692 996 787 1072 magis
810 1005 898 1072 auget
919 1012 1009 1070 quam
1034 995 1142 1069 expiet.
1185 993 1294 1070 Neque
1318 1014 1388 1052 vero
1412 993 1527 1054 videtur
1555 1013 1685 1070 prorsus

345 1099 563 1178 desperandum
592 1115 669 1169 esse,
699 1098 772 1173 quin
799 1098 850 1173 qui
876 1096 986 1156 tabulis
1015 1097 1158 1174 septimae
1180 1105 1210 1155 et
1234 1115 1331 1155 nonae
1354 1096 1502 1155 addiderit
1524 1104 1633 1156 sextae
1655 1107 1686 1154 et

345 1204 466 1279 quintae
493 1210 605 1278 partes,
632 1199 709 1258 idem
737 1217 826 1258 casus
852 1199 926 1258 artis
956 1198 1044 1258 huius
1071 1199 1285 1276 epigraphicae
1311 1200 1384 1257 deus
1414 1217 1559 1270 summus,
1590 1217 1683 1276 saepe

345 1305 465 1363 invidus
493 1313 522 1361 et
548 1303 673 1372 condus,
702 1303 755 1360 sed
782 1321 842 1360 non
868 1319 937 1360 raro
963 1301 1033 1360 item
1062 1301 1213 1377 propitius
1241 1309 1271 1358 et
1296 1318 1430 1377 promus,
1458 1321 1519 1360 non
1542 1302 1683 1360 ultimum

348 1409 406 1466 hoc
428 1409 514 1467 nobis
537 1405 646 1462 donum
668 1405 797 1481 largitus
821 1405 869 1462 sit.

430 1510 563 1568 Prodeat
590 1509 708 1567 interim
735 1515 836 1565 tentus
863 1505 1032 1564 tabularum
1060 1523 1204 1564 novarum
1233 1505 1271 1564 ad
1297 1514 1407 1583 ectypa
1432 1515 1572 1565 accurate
1595 1525 1616 1564 a
1638 1527 1682 1566 mc

347 1629 506 1682 erc-ussum
530 1611 665 1687 sequitur
685 1609 764 1668 infra
780 1609 956 1667 Mommseni
979 1608 1217 1668 commentarius.
1257 1607 1483 1680 Litteraturam,
1505 1609 1592 1667 utin
1616 1628 1681 1685 par·

346 1717 426 1773 tibus
447 1715 505 1772 iam
526 1715 617 1784 notis),
640 1712 747 1771 aetatis
761 1711 885 1769 Flaviae
900 1729 968 1770 esse
984 1710 1094 1768 ciarum
1109 1711 1287 1788 plerumque
1308 1719 1339 1769 et
1351 1711 1554 1789 perspicuam,
1578 1730 1681 1787 quam·

347 1835 437 1892 quarn
460 1835 519 1873 non
542 1832 665 1889 prorsus
688 1813 874 1890 aequabilem
903 1812 1026 1889 (prioris
1054 1813 1132 1872 euim
1155 1813 1276 1872 tabulae
1299 1813 1410 1889 pagina
1431 1813 1529 1885 tertia,
1557 1815 1680 1872 alterius

347 1919 473 1977 fortasse
500 1917 632 1976 secunda
660 1917 698 1973 ab
725 1915 784 1973 alio
814 1915 1003 1992 quadratario
1026 1915 1164 1973 videntur
1184 1913 1297 1973 incisae
1322 1933 1387 1974 esse
1410 1925 1499 1991 atque
1522 1915 1681 1991 reliquae),

349 2021 475 2097 paginas
498 2021 632 2094 singulas
656 2037 795 2077 versuum
818 2017 867 2090 38,
891 2019 929 2077 39
952 2025 982 2074 et
1003 2019 1043 2076 40
1066 2036 1143 2088 esse,
1166 2017 1217 2075 vix
1240 2018 1383 2094 estquod
1405 2017 1514 2076 diserte
1534 2037 1680 2076 moneam.

350 2123 491 2182 Ceterum
513 2140 630 2179 errores
653 2120 782 2197 quidam,
805 2137 880 2196 quos
896 2121 1110 2178 commiserunt
1130 2129 1182 2178 aut
1199 2120 1384 2196 quadratarii
1407 2129 1459 2178 aut
1480 2121 1611 2190 scribae,
1633 2119 1681 2195 qui

350 2225 442 2283 verba
463 2225 539 2300 legis
555 2232 746 2298 exceperunt,
768 2223 839 2280 item
861 2222 1010 2280 litterulae
1025 2240 1149 2298 paucae,
1172 2240 1249 2298 quac
1264 2222 1415 2298 perierunt
1436 2223 1467 2280 iu
1489 2222 1619 2294 lacunis,
1641 2222 1682 2280 in-

349 2328 397 2386 fra
418 2327 600 2385 notabuntur
621 2327 652 2384 in
675 2325 888 2384 commentario
912 2323 1023 2383 critico.

1394 2427 1476 2484 Asu.
1493 2425 1642 2487 Hdsnsn.
