3496 5828
632 437 682 487 nn
701 437 830 489 saonis
851 437 942 488 aurs.
1400 421 1445 489 71

148 612 294 692 quibusdam
317 620 503 689 contempto:
533 611 609 671 hano
638 611 735 689 ipsam
758 612 861 671 aedem
888 628 954 672 esse
976 611 1149 689 Apollinem
1173 608 1333 670 Sosianum
1355 613 1448 671 Plinii

148 713 392 790 (1³,3t.36,18)
414 713 485 772 item
508 721 626 774 constat
648 713 781 790 (Becker
803 715 902 772 adnot.
923 712 1025 789 1274).
1070 713 1127 772 luit
1149 715 1190 773 ad
1211 716 1350 773 theatrum
1363 715 1447 775 Mar-

147 819 196 878 alli
213 827 277 876 teste
292 819 366 876 Are.
390 815 533 874 hemerol.
550 817 587 875 ad
609 816 638 874 d.
655 815 693 874 23
711 814 792 892 Sept.
816 823 845 875 et
868 819 1005 893 Augusto
1028 833 1107 874 mon.
1125 815 1201 874 Ano.
1218 817 1247 888 4,
1261 815 1309 874 22.
1355 837 1447 893 qnare

145 919 251 996 quadiu
274 919 415 978 hemerol.
438 917 512 976 Urb.
537 918 625 975 add.
649 919 706 976 inc.
730 918 894 994 ascriptum
917 929 963 977 est
976 917 1112 995 Apollini
1128 917 1286 993 Laton(ae)
1310 921 1350 977 ad
1371 921 1446 978 thaa-

144 1021 223 1096 daor)
243 1019 405 1096 Marc(elli)
428 1038 499 1079 sane
522 1020 649 1096 pertinet
671 1019 707 1078 ad
731 1021 834 1078 aedem
857 1021 996 1079 eandem:
1027 1020 1080 1078 sed
1107 1037 1204 1096 neque
1226 1021 1284 1078 hoo
1306 1021 1371 1080 loco
1394 1041 1446 1080 no-

144 1142 195 1180 meu
214 1122 290 1182 aedis
313 1123 393 1182 binis
415 1122 584 1181 nominihus
607 1121 792 1198 significatur
813 1140 909 1198 neque
931 1141 1055 1198 usquam
1078 1121 1157 1180 alibi.

206 1226 231 1282 4.
274 1224 396 1284 Telluris
423 1225 566 1300 templum
594 1224 711 1300 (votum
738 1244 764 1282 a.
789 1225 848 1284 486
877 1224 1046 1284 dedicatum
1075 1243 1102 1282 a.
1125 1222 1196 1298 inc.)
1223 1223 1291 1282 ideo
1318 1243 1444 1283 comme-

142 1345 206 1384 noro
225 1328 302 1402 quod
324 1327 355 1385 in
377 1327 582 1405 hemerologio
604 1325 713 1384 Praen.
737 1327 775 1384 ad
798 1327 826 1384 d.
853 1327 888 1384 13
913 1326 985 1385 Dec.
1010 1335 1131 1404 putatur
1158 1325 1322 1402 ascriptum
1350 1327 1445 1386 inisse

140 1427 240 1502 [Telluri
260 1439 287 1486 et
311 1427 440 1504 Care]ri:
461 1428 542 1504 qnod
565 1428 591 1486 si
613 1427 669 1486 fuit
691 1427 829 1503 (Tsl[nri]
852 1438 898 1486 est
920 1429 951 1487 in
967 1428 1084 1505 Amin),
1107 1435 1206 1486 tamen
1229 1428 1266 1485 de
1288 1431 1371 1488 aedis
1394 1449 1444 1487 no-

140 1531 200 1588 mine
218 1530 289 1589 nihil
311 1530 381 1590 inde
404 1529 539 1590 efficitur.
587 1530 710 1589 Telluris
732 1529 836 1590 aedem
858 1531 1014 1590 nominant
1040 1540 1132 1590 testes
1160 1547 1272 1588 omnes.
1317 1549 1375 1589 non
1402 1531 1445 1589 in·

139 1632 235 1708 dignum
255 1633 443 1710 quaestione,
466 1651 505 1690 an
526 1633 623 1692 forma
638 1631 812 1709 Capitolina
833 1639 930 1692 aetate
946 1631 1048 1693 Severi
1070 1633 1165 1692 incisa
1186 1639 1317 1691 veteram
1340 1633 1442 1692 aedem

140 1731 245 1794 Telluris
267 1735 345 1794 binis
362 1734 495 1794 Telluris
517 1744 547 1794 et
563 1733 683 1794 Cereris
706 1731 835 1794 cessisse
858 1736 1031 1795 doceamur:
1055 1744 1099 1794 est
1120 1735 1162 1792 ibi
1184 1739 1214 1793 in
1230 1735 1368 1810 Tsl[lura]
1391 1755 1442 1793 no·
1499 1799 1507 1814 ἱ

138 1853 189 1893 nen
207 1837 331 1914 plateae,
353 1837 438 1896 iuxta
459 1839 544 1896 aedes
566 1823 728 1914 ascriptum
749 1837 885 1898 binarum
905 1838 1022 1897 aedium
1046 1836 1278 1914 ichnographiis.
1322 1838 1443 1898 nomina

136 1956 215 1997 earnm
229 1941 412 2018 ignorantur.
442 1939 495 1998 sed
510 1939 599 1998 omisi
616 1941 816 1998 coniecturam
833 1940 910 1998 hanc
925 1942 955 1998 in
971 1959 1038 1999 mea
1053 1939 1184 1998 editione
1199 1947 1303 2016 estque
1318 1939 1440 1999 incerta.

21 2109 23 2116 Ι
200 2042 224 2100 5.
266 2043 374 2100 Ronras
397 2052 421 2100 at
441 2041 554 2102 Veneris
583 2042 727 2120 templum
756 2043 793 2101 ab
816 2041 971 2101 Hadriano
999 2042 1111 2101 iactum
1134 2061 1193 2100 non
1216 2051 1276 2100 tam
1299 2042 1441 2119 templum

136 2159 206 2202 unum
226 2144 288 2216 fuit,
311 2163 401 2220 qnam
425 2143 560 2202 hinorum
576 2145 728 2222 copulatio
751 2163 787 2202 ne
811 2164 870 2204 uua
889 2145 1008 2220 quidem
1031 2144 1129 2203 fronte
1152 2145 1342 2202 sociatornm.
1388 2145 1442 2202 hu·

21 2265 23 2330 ς
133 2240 168 2298 ius
194 2247 289 2324 templi
318 2245 461 2323 geminati
488 2246 603 2306 nomini
630 2246 748 2306 saeculo
776 2257 882 2323 quarto
910 2246 1102 2306 substitutum
1131 2256 1178 2305 est
1204 2247 1323 2306 brevius
1346 2248 1442 2324 tanspli

21 2347 24 2428 [
138 2341 212 2418 Urbis,
232 2349 343 2424 quade
365 2367 397 2406 re
420 2348 558 2424 pluribus
579 2348 611 2407 in
633 2349 763 2408 editione
785 2349 899 2408 formae
916 2347 1106 2426 Capitolinae
1122 2349 1283 2425 disputavi.
1327 2367 1376 2408 res
1395 2357 1440 2409 est

21 2465 23 2486 ι
132 2443 269 2520 singtdaris
293 2462 384 2527 atque
406 2469 424 2508 a
447 2459 578 2510 veterum
601 2450 779 2530 religionum
802 2471 907 2511 norma
928 2452 1102 2511 abhorrens.

196 2551 221 2609 6.
263 2554 406 2611 Diuorum
428 2557 631 2628 imperatorum
658 2553 770 2630 templa
798 2555 906 2631 partim
929 2554 966 2612 ad
989 2555 1071 2630 loges
1097 2553 1262 2628 patriorum
1285 2573 1439 2614 sacrorum

21 2683 23 2704 ι
129 2651 218 2714 Partim
239 2674 277 2712 err
300 2655 446 2713 institutis
463 2653 657 2714 Graecanicis
680 2663 778 2714 erecta
800 2664 878 2714 sunt.
896 2689 932 2698 —
950 2655 1143 2714 Domitianus
1165 2655 1235 2714 divo
1251 2655 1438 2733 Vespasiano

21 2763 23 2770 ’
127 2751 251 2828 tenplum
273 2757 345 2816 fecit
359 2757 397 2814 ad
420 2757 515 2816 forum
539 2757 623 2816 cuins
639 2775 717 2816 nunc
738 2765 901 2834 supersunt
923 2765 983 2816 tres
1000 2757 1166 2815 columnae.
1211 2757 1277 2815 aedi
1293 2777 1311 2816 a
1327 2755 1438 2818 Severo

123 2855 145 2904 ⁰2
160 2855 312 2918 Antonino
335 2860 490 2918 restitutae
512 2860 689 2937 inscriptum
711 2859 766 2918 fnit
787 2861 852 2918 diva
872 2860 1048 2936 Vespasiano
1070 2859 1201 2934 Aspasia
1223 2877 1292 2934 ap.
1309 2880 1336 2936 q.
1353 2879 1369 2916 r
1390 2879 1437 2918 ce-

120 2953 175 3012 ten,
194 2993 235 3004 -
251 2972 283 3020 at
310 2962 341 3020 in
368 2963 504 3039 catalogo
534 2980 656 3038 operum
681 2961 921 3021 Domitianornm
945 2971 1034 3038 atque
1055 2961 1086 3019 in
1109 2959 1228 3019 Notitia
1249 2961 1437 3040 dignitatum,

117 3045 185 3117 libris
212 3064 332 3122 saeculo
359 3073 468 3141 quarto
498 3065 628 3140 scriptis,
657 3074 781 3122 vocatur
807 3065 939 3140 templum
959 3063 1129 3139 Vespasiani
1155 3073 1182 3122 et
1207 3063 1265 3122 Titi
1285 3063 1385 3139 (solus
1407 3067 1436 3124 A

113 3147 240 3225 Notitiae
266 3187 324 3226 orn.
349 3177 375 3224 st
399 3167 480 3242 Titi).
517 3166 670 3225 dubitatur
691 3185 729 3225 an
752 3166 869 3225 adhoc
891 3166 1033 3244 templum
1055 3165 1336 3242 pertineantverba
1360 3167 1436 3244 legis

111 3254 224 3342 ⁰⁰Hegii
247 3269 420 3345 Aesculapii
443 3276 472 3326 et
493 3267 612 3347 Hygiae
636 3266 746 3344 (Orell.
770 3267 865 3344 2417)
893 3272 923 3325 in
951 3269 1052 3346 templa
1081 3269 1210 3326 diuorum
1235 3271 1264 3326 in
1287 3269 1356 3328 aede
1378 3271 1437 3328 dio-i

106 3349 155 3415 liti.
212 3371 293 3446 quod
322 3372 348 3429 si
376 3379 464 3442 esset,
488 3368 617 3432 Severus
643 3380 673 3428 et
696 3371 866 3429 Antoninus
896 3381 990 3429 toturn
1021 3370 1124 3448 templi
1154 3369 1275 3429 schema
1303 3378 1436 3430 mutasse

103 3467 229 3530 Putandi
251 3480 364 3532 esseut:
392 3491 461 3530 nam
489 3473 595 3531 cellam
624 3491 702 3532 nunc
729 3491 848 3549 quoqne
875 3473 965 3530 habet
994 3491 1082 3531 unam
1104 3491 1171 3531 cum
1193 3473 1258 3531 hosi
1282 3473 1436 3532 simulacri

97 3558 204 3663 Ullius.
248 3575 341 3632 nihilo
369 3575 468 3632 minus
495 3593 602 3633 nomen
630 3575 747 3651 plenius
775 3575 960 3634 demonstrat
986 3575 1039 3632 illa
1060 3583 1139 3634 certe
1161 3585 1257 3632 aetate
1280 3575 1435 3651 utriusque

92 3669 292 3764 {miseratoris
319 3678 431 3736 cultum
459 3677 490 3735 in
523 3695 558 3734 ea
584 3676 658 3734 aede
684 3677 879 3736 exercitatum
908 3694 986 3736 esse.
1003 3709 1041 3719 -
1063 3676 1129 3734 aedi
1157 3676 1244 3736 divae
1271 3675 1435 3736 Faustinae

89 3770 186 3828 Π184ῐῆ
194 3787 279 3852 ptum
305 3787 353 3836 est
374 3781 441 3836 cliuo
464 3778 609 3837 Antonino
632 3789 656 3837 et
673 3779 677 3854 l
694 3779 778 3838 divae
802 3779 968 3837 Faustinae.
1012 3779 1099 3855 periti
1127 3779 1225 3836 sciunt
1254 3778 1433 3837 versiculum

88 3858 233 3936 primum
260 3889 368 3956 postea
396 3880 530 3938 additum
557 3899 635 3940 esse.
679 3881 770 3940 aedes
796 3891 918 3958 putatur
944 3880 1081 3940 dedicata
1110 3897 1179 3940 esse
1201 3879 1364 3956 Faustinae
1386 3881 1436 3939 Pii

84 3971 298 4040 ⁰⁰⁰⁸eoratae
321 4000 347 4040 a.
367 3981 436 4052 141,
458 3981 697 4059 eodemtemplo
719 3983 810 4042 Pium
832 3985 944 4042 cultum
968 4000 1034 4042 esse
1055 3993 1262 4042 consecratum
1285 4003 1312 4042 a.
1333 3982 1401 4041 161.

174 4079 335 4142 Consulto
351 4083 456 4141 omitto
479 4084 592 4160 templa
614 4103 690 4160 quae
705 4084 847 4161 Pompeis
864 4085 1121 4150 extantMercurii
1143 4093 1174 4143 et
1187 4085 1295 4157 Maiae,
1319 4086 1434 4144 Aescu-

77 4154 151 4236 lapii
201 4191 230 4242 et
251 4184 386 4262 Hygiam
413 4204 540 4261 qnorum
569 4187 787 4263 cognominatio
817 4187 1002 4264 argumentis
1024 4187 1193 4245 defenditur
1213 4187 1433 4246 incertissimis.

73 4274 225 4344 p“Qum
249 4288 511 4364 emunicipiornm
528 4288 772 4365 coloniarumque
787 4299 951 4348 ceterarum
974 4289 1068 4348 sacris
1091 4277 1230 4365 exempla
1252 4287 1312 4346 alia
1327 4288 1434 4348 afferre

72 4374 158 4434 ‘1⁰³0
193 4389 366 4464 pertineant
380 4389 417 4448 ad
439 4390 522 4448 illam
545 4390 619 4448 iuris
634 4391 779 4468 pontificii
801 4391 937 4468 regulam
960 4390 1179 4449 illustrandam.
1224 4389 1277 4448 sed
1292 4409 1329 4449 ne
1344 4391 1433 4450 nimis

71 4478 299 4564 “imposito
322 4491 475 4552 deflectam
497 4493 576 4550 intra
598 4495 778 4552 urbanorum
802 4493 876 4552 fines
892 4513 938 4550 me
961 4492 1129 4552 continebo.
1173 4492 1233 4550 iam
1255 4493 1382 4570 primum
1405 4503 1435 4552 et

71 4579 273 4651 P⁰⁰tifieum
296 4611 443 4670 responso
466 4601 496 4652 et
517 4613 549 4652 re
571 4595 638 4670 ipsa
661 4595 735 4653 satis
751 4595 975 4670 comprohatum
994 4601 1041 4653 est
1063 4593 1170 4654 cellam
1186 4613 1286 4667 unam,
1308 4596 1365 4654 hoc
1387 4605 1434 4655 est

73 4667 233 4766 dmum,
255 4714 314 4754 non
337 4713 430 4770 posse
451 4695 523 4754 deos
544 4697 655 4773 plnres,
682 4697 740 4755 hoo
768 4705 813 4756 est
835 4697 941 4755 domus
965 4697 1112 4769 dominos,
1136 4698 1300 4756 continere:
1327 4707 1359 4756 at
1379 4716 1431 4774 po·

75 4779 131 4831 ²²⁸¹
173 4791 301 4856 domino
324 4798 548 4857 contubernalis
575 4798 697 4856 attribui
724 4799 847 4876 eiusque
869 4800 980 4858 tutelae
1006 4798 1206 4858 commendari
1229 4799 1315 4875 qnasi
1337 4799 1431 4864 cliens

77 4885 236 4954 limone
280 4899 309 4956 id
332 4899 414 4975 qnod
436 4920 498 4958 non
520 4918 588 4958 raro
610 4899 730 4960 acciditr
759 4902 841 4960 velut
862 4901 893 4960 in
916 4902 993 4960 cella
1014 4902 1139 4960 Iunonis
1161 4902 1191 4959 in
1213 4901 1285 4960 aede
1308 4899 1430 4978 Capito·

82 4978 145 5038 ¹5⁰⁸
189 4993 352 5059 luventatis
380 5001 516 5060 aedicula
542 5001 680 5060 dedicata
705 5001 769 5062 fuit.
812 5004 915 5080 plures
943 5004 1037 5063 cellae
1069 5011 1102 5061 ut
1127 5001 1211 5062 aedis
1238 5001 1326 5060 unius
1352 5011 1430 5060 tecto

91 5100 423 5166 eomprehenderentur
450 5104 514 5161 lieri
540 5122 600 5162 non
626 5104 723 5181 potuit
749 5104 807 5162 nisi
835 5105 923 5164 unius
946 5125 962 5163 e
984 5105 1120 5182 pluribus
1143 5104 1189 5162 dei
1211 5103 1378 5182 patrocinio
1401 5109 1431 5162 et
