<?xml version="1.0" encoding="UTF-8"?>
<!DOCTYPE html PUBLIC "-//W3C//DTD XHTML 1.0 Transitional//EN"
    "http://www.w3.org/TR/xhtml1/DTD/xhtml1-transitional.dtd">
<html xmlns="http://www.w3.org/1999/xhtml" xml:lang="en" lang="en">
 <head>
  <title>
</title>
<meta http-equiv="Content-Type" content="text/html;charset=utf-8" />
  <meta name='ocr-system' content='tesseract 3.04.00' />
  <meta name='ocr-capabilities' content='ocr_page ocr_carea ocr_par ocr_line ocrx_word'/>
</head>
<body>
  <div class='ocr_page' id='page_1' title='image "./ephemerisepigra02henzgoog_0072.png"; bbox 0 0 3496 5828; ppageno 0'>
   <div class='ocr_carea' id='block_1_1' title="bbox 250 1791 1263 2166">
    <p class='ocr_par' dir='ltr' id='par_1_1' title="bbox 250 1791 1263 2166">
     <span class='ocr_line' id='line_1_1' title="bbox 499 1791 1011 1906; baseline 0.006 -3"><span class='ocrx_word' id='word_1_1' title='bbox 499 1793 582 1904; x_wconf 82' lang='lat' dir='ltr'><strong>DE</strong></span> <span class='ocrx_word' id='word_1_2' title='bbox 622 1793 837 1906; x_wconf 70' lang='lat' dir='ltr'><strong>alsius</strong></span> <span class='ocrx_word' id='word_1_3' title='bbox 877 1791 1011 1906; x_wconf 86' lang='lat' dir='ltr'><strong>OPIS</strong></span> 
     </span>
     <span class='ocr_line' id='line_1_2' title="bbox 250 2055 1263 2166; baseline 0.005 -17"><span class='ocrx_word' id='word_1_4' title='bbox 250 2057 664 2166; x_wconf 79' lang='lat' dir='ltr'><strong>AEDIBVSQVE</strong></span> <span class='ocrx_word' id='word_1_5' title='bbox 696 2055 840 2152; x_wconf 89' lang='lat' dir='ltr'>OPIS</span> <span class='ocrx_word' id='word_1_6' title='bbox 870 2059 950 2152; x_wconf 84' lang='lat' dir='ltr'><strong>ET</strong></span> <span class='ocrx_word' id='word_1_7' title='bbox 982 2059 1239 2156; x_wconf 82' lang='lat' dir='ltr'><strong>SATVRN</strong></span> <span class='ocrx_word' id='word_1_8' title='bbox 1242 2063 1263 2154; x_wconf 91' lang='grc' dir='ltr'>Ι</span> 
     </span>
    </p>
   </div>
   <div class='ocr_carea' id='block_1_2' title="bbox 556 2277 959 2330">
    <p class='ocr_par' dir='ltr' id='par_1_2' title="bbox 556 2277 959 2330">
     <span class='ocr_line' id='line_1_3' title="bbox 556 2277 959 2330; baseline 0 -4"><span class='ocrx_word' id='word_1_9' title='bbox 556 2277 781 2330; x_wconf 83' lang='lat' dir='ltr'><strong>DISPVTATIO</strong></span> <span class='ocrx_word' id='word_1_10' title='bbox 805 2277 959 2328; x_wconf 78' lang='lat' dir='ltr'><strong>ALTERA.</strong></span> 
     </span>
    </p>
   </div>
   <div class='ocr_carea' id='block_1_3' title="bbox 181 2765 1336 2845">
    <p class='ocr_par' dir='ltr' id='par_1_3' title="bbox 181 2765 1336 2845">
     <span class='ocr_line' id='line_1_4' title="bbox 181 2765 1336 2845; baseline -0.001 -3"><span class='ocrx_word' id='word_1_11' title='bbox 181 2765 431 2842; x_wconf 86' lang='lat' dir='ltr'>HENRIOVS</span> <span class='ocrx_word' id='word_1_12' title='bbox 458 2765 719 2843; x_wconf 75' lang='lat' dir='ltr'><strong>JORDANVS</strong></span> <span class='ocrx_word' id='word_1_13' title='bbox 747 2768 1017 2845; x_wconf 84' lang='lat' dir='ltr'>WILHELMO</span> <span class='ocrx_word' id='word_1_14' title='bbox 1046 2767 1278 2844; x_wconf 87' lang='lat' dir='ltr'>HENZENO</span> <span class='ocrx_word' id='word_1_15' title='bbox 1308 2796 1336 2843; x_wconf 88' lang='lat' dir='ltr'><strong>s.</strong></span> 
     </span>
    </p>
   </div>
   <div class='ocr_carea' id='block_1_4' title="bbox 83 3026 1432 4411">
    <p class='ocr_par' dir='ltr' id='par_1_4' title="bbox 87 3026 1431 4106">
     <span class='ocr_line' id='line_1_5' title="bbox 88 3026 1428 3184; baseline 0 -20"><span class='ocrx_word' id='word_1_16' title='bbox 88 3026 192 3170; x_wconf 75' lang='lat' dir='ltr'><strong>Ad</strong></span> <span class='ocrx_word' id='word_1_17' title='bbox 215 3107 373 3166; x_wconf 79' lang='lat' dir='ltr'><strong>Arvalium</strong></span> <span class='ocrx_word' id='word_1_18' title='bbox 397 3107 588 3184; x_wconf 83' lang='lat' dir='ltr'><strong>hemerologii</strong></span> <span class='ocrx_word' id='word_1_19' title='bbox 612 3107 754 3183; x_wconf 84' lang='lat' dir='ltr'><strong>reliquias</strong></span> <span class='ocrx_word' id='word_1_20' title='bbox 777 3127 795 3165; x_wconf 89' lang='lat' dir='ltr'><strong>a</strong></span> <span class='ocrx_word' id='word_1_21' title='bbox 818 3116 856 3180; x_wconf 84' lang='lat' dir='ltr'><strong>te,</strong></span> <span class='ocrx_word' id='word_1_22' title='bbox 880 3108 924 3165; x_wconf 87' lang='lat' dir='ltr'><strong>vir</strong></span> <span class='ocrx_word' id='word_1_23' title='bbox 947 3106 1216 3183; x_wconf 78' lang='lat' dir='ltr'><strong>praestantissime,</strong></span> <span class='ocrx_word' id='word_1_24' title='bbox 1244 3127 1323 3165; x_wconf 90' lang='lat' dir='ltr'><strong>anno</strong></span> <span class='ocrx_word' id='word_1_25' title='bbox 1349 3105 1428 3165; x_wconf 88' lang='grc'>1868</span> 
     </span>
     <span class='ocr_line' id='line_1_6' title="bbox 89 3208 1428 3288; baseline -0.001 -21"><span class='ocrx_word' id='word_1_26' title='bbox 89 3209 223 3288; x_wconf 87' lang='lat' dir='ltr'><strong>primum</strong></span> <span class='ocrx_word' id='word_1_27' title='bbox 247 3208 344 3267; x_wconf 89' lang='lat' dir='ltr'><strong>editas</strong></span> <span class='ocrx_word' id='word_1_28' title='bbox 367 3218 398 3268; x_wconf 88' lang='lat' dir='ltr'><strong>ut</strong></span> <span class='ocrx_word' id='word_1_29' title='bbox 420 3208 539 3267; x_wconf 78' lang='lat' dir='ltr'><strong>redeam</strong></span> <span class='ocrx_word' id='word_1_30' title='bbox 562 3209 767 3282; x_wconf 87' lang='lat' dir='ltr'><strong>explicandas,</strong></span> <span class='ocrx_word' id='word_1_31' title='bbox 796 3228 917 3268; x_wconf 87' lang='lat' dir='ltr'><strong>eausam</strong></span> <span class='ocrx_word' id='word_1_32' title='bbox 941 3210 1036 3268; x_wconf 89' lang='lat' dir='ltr'><strong>habeo</strong></span> <span class='ocrx_word' id='word_1_33' title='bbox 1059 3209 1191 3267; x_wconf 85' lang='lat' dir='ltr'><strong>adlatam</strong></span> <span class='ocrx_word' id='word_1_34' title='bbox 1214 3209 1251 3267; x_wconf 89' lang='lat' dir='ltr'><strong>ad</strong></span> <span class='ocrx_word' id='word_1_35' title='bbox 1275 3229 1320 3269; x_wconf 93' lang='lat' dir='ltr'><strong>me</strong></span> <span class='ocrx_word' id='word_1_36' title='bbox 1343 3209 1428 3267; x_wconf 90' lang='lat' dir='ltr'><strong>mihi·</strong></span> 
     </span>
     <span class='ocr_line' id='line_1_7' title="bbox 89 3311 1429 3389; baseline -0.001 -19"><span class='ocrx_word' id='word_1_37' title='bbox 89 3333 153 3389; x_wconf 87' lang='lat' dir='ltr'><strong>que</strong></span> <span class='ocrx_word' id='word_1_38' title='bbox 183 3313 263 3370; x_wconf 92' lang='lat' dir='ltr'><strong>dono</strong></span> <span class='ocrx_word' id='word_1_39' title='bbox 286 3311 385 3369; x_wconf 85' lang='lat' dir='ltr'><strong>datam</strong></span> <span class='ocrx_word' id='word_1_40' title='bbox 408 3311 567 3370; x_wconf 87' lang='lat' dir='ltr'><strong>editionem</strong></span> <span class='ocrx_word' id='word_1_41' title='bbox 592 3321 672 3370; x_wconf 86' lang='lat' dir='ltr'><strong>tuum</strong></span> <span class='ocrx_word' id='word_1_42' title='bbox 696 3311 826 3370; x_wconf 89' lang='lat' dir='ltr'><strong>eiusdem</strong></span> <span class='ocrx_word' id='word_1_43' title='bbox 851 3313 1032 3372; x_wconf 88' lang='lat' dir='ltr'><strong>monumenti</strong></span> <span class='ocrx_word' id='word_1_44' title='bbox 1055 3312 1190 3371; x_wconf 88' lang='lat' dir='ltr'><strong>alteram.</strong></span> <span class='ocrx_word' id='word_1_45' title='bbox 1234 3313 1265 3370; x_wconf 93' lang='lat' dir='ltr'><strong>in</strong></span> <span class='ocrx_word' id='word_1_46' title='bbox 1293 3331 1328 3369; x_wconf 90' lang='lat' dir='ltr'><strong>eo</strong></span> <span class='ocrx_word' id='word_1_47' title='bbox 1351 3311 1429 3369; x_wconf 89' lang='lat' dir='ltr'><strong>enim</strong></span> 
     </span>
     <span class='ocr_line' id='line_1_8' title="bbox 93 3413 1429 3492; baseline -0.001 -20"><span class='ocrx_word' id='word_1_48' title='bbox 93 3415 251 3473; x_wconf 88' lang='lat' dir='ltr'><strong>volumine</strong></span> <span class='ocrx_word' id='word_1_49' title='bbox 273 3433 340 3472; x_wconf 87' lang='lat' dir='ltr'><strong>eum</strong></span> <span class='ocrx_word' id='word_1_50' title='bbox 364 3413 480 3472; x_wconf 89' lang='lat' dir='ltr'><strong>videam</strong></span> <span class='ocrx_word' id='word_1_51' title='bbox 504 3423 533 3472; x_wconf 86' lang='lat' dir='ltr'><strong>te</strong></span> <span class='ocrx_word' id='word_1_52' title='bbox 556 3414 671 3472; x_wconf 83' lang='lat' dir='ltr'><strong>calculo</strong></span> <span class='ocrx_word' id='word_1_53' title='bbox 695 3423 746 3472; x_wconf 91' lang='lat' dir='ltr'><strong>tuo</strong></span> <span class='ocrx_word' id='word_1_54' title='bbox 769 3416 1011 3492; x_wconf 84' lang='lat' dir='ltr'><strong>comprobavisse</strong></span> <span class='ocrx_word' id='word_1_55' title='bbox 1034 3415 1260 3474; x_wconf 86' lang='lat' dir='ltr'><strong>observationes</strong></span> <span class='ocrx_word' id='word_1_56' title='bbox 1284 3413 1429 3490; x_wconf 87' lang='lat' dir='ltr'><strong>quasdam</strong></span> 
     </span>
     <span class='ocr_line' id='line_1_9' title="bbox 91 3515 1429 3594; baseline -0.003 -17"><span class='ocrx_word' id='word_1_57' title='bbox 91 3535 179 3577; x_wconf 87' lang='lat' dir='ltr'><strong>meas</strong></span> <span class='ocrx_word' id='word_1_58' title='bbox 202 3536 297 3593; x_wconf 85' lang='lat' dir='ltr'><strong>nuper</strong></span> <span class='ocrx_word' id='word_1_59' title='bbox 318 3515 354 3574; x_wconf 91' lang='lat' dir='ltr'><strong>de</strong></span> <span class='ocrx_word' id='word_1_60' title='bbox 377 3517 469 3575; x_wconf 87' lang='lat' dir='ltr'><strong>sacris</strong></span> <span class='ocrx_word' id='word_1_61' title='bbox 493 3517 664 3594; x_wconf 88' lang='lat' dir='ltr'><strong>temploque</strong></span> <span class='ocrx_word' id='word_1_62' title='bbox 686 3515 763 3593; x_wconf 91' lang='lat' dir='ltr'><strong>Opis</strong></span> <span class='ocrx_word' id='word_1_63' title='bbox 786 3516 919 3593; x_wconf 87' lang='lat' dir='ltr'><strong>opiferae</strong></span> <span class='ocrx_word' id='word_1_64' title='bbox 942 3519 1052 3588; x_wconf 85' lang='lat' dir='ltr'><strong>saetas,</strong></span> <span class='ocrx_word' id='word_1_65' title='bbox 1082 3517 1242 3592; x_wconf 81' lang='lat' dir='ltr'><strong>reliquisse</strong></span> <span class='ocrx_word' id='word_1_66' title='bbox 1265 3523 1363 3573; x_wconf 87' lang='lat' dir='ltr'><strong>autem</strong></span> <span class='ocrx_word' id='word_1_67' title='bbox 1386 3516 1429 3573; x_wconf 92' lang='lat' dir='ltr'><strong>in-</strong></span> 
     </span>
     <span class='ocr_line' id='line_1_10' title="bbox 89 3617 1431 3695; baseline -0.005 -15"><span class='ocrx_word' id='word_1_68' title='bbox 89 3630 192 3680; x_wconf 81' lang='lat' dir='ltr'><strong>tactas</strong></span> <span class='ocrx_word' id='word_1_69' title='bbox 215 3619 329 3695; x_wconf 87' lang='lat' dir='ltr'><strong>aliquot</strong></span> <span class='ocrx_word' id='word_1_70' title='bbox 351 3618 563 3690; x_wconf 86' lang='lat' dir='ltr'><strong>dubitationes,</strong></span> <span class='ocrx_word' id='word_1_71' title='bbox 592 3637 670 3695; x_wconf 88' lang='lat' dir='ltr'><strong>quae</strong></span> <span class='ocrx_word' id='word_1_72' title='bbox 699 3619 737 3676; x_wconf 89' lang='lat' dir='ltr'><strong>ad</strong></span> <span class='ocrx_word' id='word_1_73' title='bbox 764 3619 897 3677; x_wconf 86' lang='lat' dir='ltr'><strong>eiusdem</strong></span> <span class='ocrx_word' id='word_1_74' title='bbox 925 3620 998 3678; x_wconf 90' lang='lat' dir='ltr'><strong>deae</strong></span> <span class='ocrx_word' id='word_1_75' title='bbox 1024 3619 1112 3678; x_wconf 86' lang='lat' dir='ltr'><strong>aedes</strong></span> <span class='ocrx_word' id='word_1_76' title='bbox 1135 3636 1238 3677; x_wconf 84' lang='lat' dir='ltr'><strong>sacras</strong></span> <span class='ocrx_word' id='word_1_77' title='bbox 1261 3617 1431 3676; x_wconf 87' lang='lat' dir='ltr'><strong>sacrariave</strong></span> 
     </span>
     <span class='ocr_line' id='line_1_11' title="bbox 88 3721 1431 3799; baseline -0.004 -18"><span class='ocrx_word' id='word_1_78' title='bbox 88 3732 177 3782; x_wconf 86' lang='lat' dir='ltr'><strong>reete</strong></span> <span class='ocrx_word' id='word_1_79' title='bbox 200 3721 382 3779; x_wconf 82' lang='lat' dir='ltr'><strong>dinoscendo</strong></span> <span class='ocrx_word' id='word_1_80' title='bbox 403 3721 584 3796; x_wconf 86' lang='lat' dir='ltr'><strong>pertineant,</strong></span> <span class='ocrx_word' id='word_1_81' title='bbox 613 3721 714 3780; x_wconf 86' lang='lat' dir='ltr'><strong>neseio</strong></span> <span class='ocrx_word' id='word_1_82' title='bbox 743 3740 779 3778; x_wconf 89' lang='lat' dir='ltr'><strong>an</strong></span> <span class='ocrx_word' id='word_1_83' title='bbox 809 3721 860 3779; x_wconf 90' lang='lat' dir='ltr'><strong>tibi</strong></span> <span class='ocrx_word' id='word_1_84' title='bbox 888 3723 987 3799; x_wconf 90' lang='lat' dir='ltr'><strong>operis</strong></span> <span class='ocrx_word' id='word_1_85' title='bbox 1016 3722 1089 3780; x_wconf 89' lang='lat' dir='ltr'><strong>tanti</strong></span> <span class='ocrx_word' id='word_1_86' title='bbox 1118 3729 1177 3778; x_wconf 89' lang='lat' dir='ltr'><strong>tam</strong></span> <span class='ocrx_word' id='word_1_87' title='bbox 1204 3721 1331 3778; x_wconf 82' lang='lat' dir='ltr'><strong>feliciter</strong></span> <span class='ocrx_word' id='word_1_88' title='bbox 1357 3738 1376 3775; x_wconf 92' lang='lat' dir='ltr'><strong>a</strong></span> <span class='ocrx_word' id='word_1_89' title='bbox 1402 3729 1431 3777; x_wconf 90' lang='lat' dir='ltr'><strong>te</strong></span> 
     </span>
     <span class='ocr_line' id='line_1_12' title="bbox 89 3823 1430 3903; baseline -0.004 -20"><span class='ocrx_word' id='word_1_90' title='bbox 89 3825 248 3903; x_wconf 81' lang='lat' dir='ltr'><strong>profligati</strong></span> <span class='ocrx_word' id='word_1_91' title='bbox 271 3825 397 3900; x_wconf 82' lang='lat' dir='ltr'><strong>gratiam</strong></span> <span class='ocrx_word' id='word_1_92' title='bbox 419 3843 473 3901; x_wconf 84' lang='lat' dir='ltr'><strong>pro</strong></span> <span class='ocrx_word' id='word_1_93' title='bbox 490 3824 566 3882; x_wconf 90' lang='lat' dir='ltr'><strong>virili</strong></span> <span class='ocrx_word' id='word_1_94' title='bbox 590 3831 675 3900; x_wconf 87' lang='lat' dir='ltr'><strong>parte</strong></span> <span class='ocrx_word' id='word_1_95' title='bbox 698 3823 847 3881; x_wconf 86' lang='lat' dir='ltr'><strong>relaturus</strong></span> <span class='ocrx_word' id='word_1_96' title='bbox 863 3841 929 3882; x_wconf 89' lang='lat' dir='ltr'><strong>esse</strong></span> <span class='ocrx_word' id='word_1_97' title='bbox 947 3824 1058 3894; x_wconf 83' lang='lat' dir='ltr'><strong>videar,</strong></span> <span class='ocrx_word' id='word_1_98' title='bbox 1080 3824 1107 3882; x_wconf 92' lang='lat' dir='ltr'><strong>si</strong></span> <span class='ocrx_word' id='word_1_99' title='bbox 1129 3823 1306 3881; x_wconf 87' lang='lat' dir='ltr'><strong>solutionem</strong></span> <span class='ocrx_word' id='word_1_100' title='bbox 1329 3838 1430 3879; x_wconf 86' lang='lat' dir='ltr'><strong>earum</strong></span> 
     </span>
     <span class='ocr_line' id='line_1_13' title="bbox 90 3925 1429 4004; baseline -0.004 -18"><span class='ocrx_word' id='word_1_101' title='bbox 90 3949 111 3986; x_wconf 89' lang='lat' dir='ltr'><strong>a</strong></span> <span class='ocrx_word' id='word_1_102' title='bbox 134 3948 184 3986; x_wconf 89' lang='lat' dir='ltr'><strong>me</strong></span> <span class='ocrx_word' id='word_1_103' title='bbox 212 3935 384 4004; x_wconf 87' lang='lat' dir='ltr'><strong>temptatam</strong></span> <span class='ocrx_word' id='word_1_104' title='bbox 413 3925 451 3984; x_wconf 92' lang='lat' dir='ltr'><strong>ad</strong></span> <span class='ocrx_word' id='word_1_105' title='bbox 478 3937 506 3984; x_wconf 88' lang='lat' dir='ltr'><strong>te</strong></span> <span class='ocrx_word' id='word_1_106' title='bbox 538 3926 652 3984; x_wconf 92' lang='lat' dir='ltr'><strong>mittam</strong></span> <span class='ocrx_word' id='word_1_107' title='bbox 679 3935 820 4002; x_wconf 84' lang='lat' dir='ltr'><strong>tanquam</strong></span> <span class='ocrx_word' id='word_1_108' title='bbox 844 3926 949 3984; x_wconf 89' lang='lat' dir='ltr'><strong>harum</strong></span> <span class='ocrx_word' id='word_1_109' title='bbox 971 3945 1068 3984; x_wconf 86' lang='lat' dir='ltr'><strong>rerum</strong></span> <span class='ocrx_word' id='word_1_110' title='bbox 1095 3927 1315 3984; x_wconf 83' lang='lat' dir='ltr'><strong>aestimatorem</strong></span> <span class='ocrx_word' id='word_1_111' title='bbox 1339 3943 1429 3981; x_wconf 88' lang='lat' dir='ltr'><strong>unum</strong></span> 
     </span>
     <span class='ocr_line' id='line_1_14' title="bbox 87 4029 814 4106; baseline -0.006 -17"><span class='ocrx_word' id='word_1_112' title='bbox 87 4029 229 4090; x_wconf 89' lang='lat' dir='ltr'><strong>omnium</strong></span> <span class='ocrx_word' id='word_1_113' title='bbox 254 4037 284 4085; x_wconf 87' lang='lat' dir='ltr'><strong>et</strong></span> <span class='ocrx_word' id='word_1_114' title='bbox 305 4029 516 4106; x_wconf 85' lang='lat' dir='ltr'><strong>gravissimum</strong></span> <span class='ocrx_word' id='word_1_115' title='bbox 538 4039 568 4086; x_wconf 91' lang='lat' dir='ltr'><strong>et</strong></span> <span class='ocrx_word' id='word_1_116' title='bbox 590 4029 814 4105; x_wconf 85' lang='lat' dir='ltr'><strong>aequissimum.</strong></span> 
     </span>
    </p>

    <p class='ocr_par' dir='ltr' id='par_1_5' title="bbox 83 4129 1432 4411">
     <span class='ocr_line' id='line_1_15' title="bbox 182 4129 1432 4208; baseline -0.006 -16"><span class='ocrx_word' id='word_1_117' title='bbox 182 4129 243 4192; x_wconf 86' lang='lat' dir='ltr'><strong>Sed</strong></span> <span class='ocrx_word' id='word_1_118' title='bbox 267 4131 394 4205; x_wconf 87' lang='lat' dir='ltr'><strong>utquid</strong></span> <span class='ocrx_word' id='word_1_119' title='bbox 420 4130 461 4188; x_wconf 90' lang='lat' dir='ltr'><strong>rei</strong></span> <span class='ocrx_word' id='word_1_120' title='bbox 490 4131 530 4188; x_wconf 84' lang='lat' dir='ltr'><strong>sit</strong></span> <span class='ocrx_word' id='word_1_121' title='bbox 557 4137 586 4189; x_wconf 88' lang='lat' dir='ltr'><strong>et</strong></span> <span class='ocrx_word' id='word_1_122' title='bbox 613 4139 644 4189; x_wconf 89' lang='lat' dir='ltr'><strong>tu</strong></span> <span class='ocrx_word' id='word_1_123' title='bbox 667 4138 696 4188; x_wconf 86' lang='lat' dir='ltr'><strong>et</strong></span> <span class='ocrx_word' id='word_1_124' title='bbox 719 4131 814 4207; x_wconf 89' lang='lat' dir='ltr'><strong>siquis</strong></span> <span class='ocrx_word' id='word_1_125' title='bbox 837 4131 914 4188; x_wconf 88' lang='lat' dir='ltr'><strong>alius</strong></span> <span class='ocrx_word' id='word_1_126' title='bbox 942 4132 1016 4189; x_wconf 87' lang='lat' dir='ltr'><strong>haee</strong></span> <span class='ocrx_word' id='word_1_127' title='bbox 1038 4149 1105 4188; x_wconf 86' lang='lat' dir='ltr'><strong>mea</strong></span> <span class='ocrx_word' id='word_1_128' title='bbox 1126 4129 1231 4208; x_wconf 83' lang='lat' dir='ltr'><strong>legerit</strong></span> <span class='ocrx_word' id='word_1_129' title='bbox 1252 4129 1339 4188; x_wconf 82' lang='lat' dir='ltr'><strong>facile</strong></span> <span class='ocrx_word' id='word_1_130' title='bbox 1362 4145 1432 4204; x_wconf 83' lang='lat' dir='ltr'><strong>eog-</strong></span> 
     </span>
     <span class='ocr_line' id='line_1_16' title="bbox 84 4229 1432 4310; baseline -0.008 -13"><span class='ocrx_word' id='word_1_131' title='bbox 84 4234 242 4305; x_wconf 79' lang='lat' dir='ltr'><strong>noscatis,</strong></span> <span class='ocrx_word' id='word_1_132' title='bbox 264 4233 391 4309; x_wconf 91' lang='lat' dir='ltr'><strong>primum</strong></span> <span class='ocrx_word' id='word_1_133' title='bbox 414 4232 685 4308; x_wconf 87' lang='lat' dir='ltr'><strong>hemerologiorum</strong></span> <span class='ocrx_word' id='word_1_134' title='bbox 708 4234 840 4292; x_wconf 90' lang='lat' dir='ltr'><strong>omnium</strong></span> <span class='ocrx_word' id='word_1_135' title='bbox 864 4235 901 4292; x_wconf 94' lang='lat' dir='ltr'><strong>de</strong></span> <span class='ocrx_word' id='word_1_136' title='bbox 917 4231 993 4310; x_wconf 87' lang='lat' dir='ltr'><strong>Opis</strong></span> <span class='ocrx_word' id='word_1_137' title='bbox 1016 4233 1110 4291; x_wconf 85' lang='lat' dir='ltr'><strong>sacris</strong></span> <span class='ocrx_word' id='word_1_138' title='bbox 1132 4231 1305 4291; x_wconf 88' lang='lat' dir='ltr'><strong>memoriam</strong></span> <span class='ocrx_word' id='word_1_139' title='bbox 1328 4229 1432 4289; x_wconf 85' lang='lat' dir='ltr'><strong>tabula</strong></span> 
     </span>
     <span class='ocr_line' id='line_1_17' title="bbox 83 4334 597 4411; baseline -0.014 -12"><span class='ocrx_word' id='word_1_140' title='bbox 83 4339 172 4400; x_wconf 82' lang='lat' dir='ltr'><strong>infra</strong></span> <span class='ocrx_word' id='word_1_141' title='bbox 196 4334 332 4410; x_wconf 83' lang='lat' dir='ltr'><strong>ascripta</strong></span> <span class='ocrx_word' id='word_1_142' title='bbox 354 4336 597 4411; x_wconf 86' lang='lat' dir='ltr'><strong>repraesentabo:</strong></span> 
     </span>
    </p>
   </div>
   <div class='ocr_carea' id='block_1_5' title="bbox 0 0 1752 5828">
    <p class='ocr_par' dir='ltr' id='par_1_6' title="bbox 0 0 1752 5828">
     <span class='ocr_line' id='line_1_18' title="bbox 0 0 1752 5828; baseline 0 0"><span class='ocrx_word' id='word_1_143' title='bbox 0 0 1752 5828; x_wconf 95' lang='lat' dir='ltr'><strong> </strong></span> 
     </span>
    </p>
   </div>
  </div>
 </body>
</html>
