3458 5820
334 515 408 588 270
928 533 1073 587 tonum

417 709 662 768 BEBRYX·
688 707 803 767 AVG
825 739 832 751 ·
856 708 878 766 L
904 739 911 751 ·
933 707 1259 766 DRVSIANVS
1286 737 1294 752 ·
1320 707 1592 766 XANTHVS

418 825 1517 872 usuucuoaro·nerecarvurmuuuomsvsonuavrrvarvtcronmm
1534 829 1577 869 nv

375 968 434 1007 non
459 950 556 1006 minus
580 949 748 1025 suspiciosa
770 957 840 1006 suut
862 949 982 1006 testium
1005 947 1041 1006 de
1063 948 1134 1016 sede
1157 947 1392 1023 fragmentorum
1416 949 1519 1006 verba.
1554 950 1673 1025 inspec-

375 1052 413 1108 tis
441 1059 555 1122 autem,
582 1068 656 1126 quas
679 1049 870 1108 Burmannus
898 1049 968 1107 milri
998 1050 1175 1120 transmisit,
1198 1049 1318 1108 schedis
1341 1048 1374 1109 C.
1393 1050 1417 1107 l.
1433 1049 1469 1107 L.
1495 1053 1555 1108 iam
1581 1052 1672 1128 paulo

374 1160 453 1210 certe
480 1153 682 1211 commodiore
708 1154 826 1210 ratione
853 1151 956 1210 lectori
984 1152 1154 1210 dissensum
1182 1170 1283 1210 eorum
1306 1153 1440 1210 subicere
1463 1152 1544 1210 lieet
1592 1153 1671 1210 Mar·

373 1255 458 1313 lianii
486 1255 600 1314 Metelli
626 1255 742 1330 Ligarii
769 1255 861 1312 verbu
887 1275 925 1313 ex
953 1254 1072 1313 schedis
1100 1255 1286 1330 transcripsi,
1317 1255 1504 1326 Manutiana,
1535 1273 1617 1330 quae
1643 1255 1672 1311 in

372 1357 421 1416 his
444 1377 503 1416 non
524 1357 654 1432 repperi,
676 1377 714 1416 ex
738 1355 772 1415 C.
789 1357 813 1414 1.
830 1355 864 1416 L.

372 1459 562 1519 Marlianius:
598 1455 669 1518 ‘uuo
692 1459 833 1535 epistylio
863 1458 999 1516 interiori
1026 1453 1136 1535 parte’:
1172 1459 1237 1531 ab,
1271 1454 1368 1516 ‘extra
1398 1477 1470 1517 vero
1502 1457 1533 1515 in
1566 1458 1668 1516 eodem

597 1555 765 1637 epistylio’:
789 1580 803 1618 o

372 1663 527 1723 Metellus:
596 1663 661 1721 sine
677 1663 876 1738 praescripto:
893 1682 949 1734 a,c
964 1682 1057 1739 usque
1072 1663 1110 1720 ad
1125 1683 1153 1722 v.
1166 1679 1204 1720 oa
1216 1657 1248 1720 ‘a
1262 1671 1345 1739 tergo
1361 1659 1511 1739 epistylii’
1527 1679 1668 1722 oxvm-

595 1781 762 1837 sscrnvur,
789 1761 890 1822 ‘extra
916 1766 947 1821 in
973 1765 1078 1823 eodem
1100 1759 1270 1842 epistylio’:
1301 1767 1435 1840 dasque
1458 1765 1498 1822 ad
1523 1781 1667 1825 ennacos

592 1865 636 1926 ‘in
658 1867 717 1926 ulio
740 1863 845 1925 latere'
869 1883 934 1925 isvs
952 1900 989 1909 -
1006 1884 1180 1939 osornvur,
1201 1864 1244 1925 ‘in
1266 1861 1350 1924 alio‘:
1373 1867 1389 1924 b

369 1969 524 2046 Ligerius:
589 1965 632 2028 ‘in
653 1969 832 2028 frammeuto
855 1969 884 2026 di
907 1966 1100 2028 architrave‘:
1123 1989 1142 2026 a
1158 1972 1187 2040 d,
1208 1965 1281 2027 ‘lato
1304 1965 1449 2028 esterno':
1475 1969 1502 2042 b,
1525 1965 1605 2027 ‘lato
1627 1971 1668 2028 in·

593 2066 706 2130 terno':
734 2093 763 2142 c;
792 2071 833 2129 ita
859 2071 890 2128 in
919 2071 1030 2149 Neap,
1058 2071 1137 2131 idem
1164 2073 1194 2130 in
1221 2072 1291 2131 Par.
1315 2071 1380 2130 sine
1403 2089 1554 2148 praescr:
1587 2093 1617 2140 a,
1639 2073 1666 2128 iu

594 2175 698 2232 eodem
721 2169 890 2250 epistylio‘:
913 2174 1003 2232 dod.

368 2275 537 2334 Manutius:
591 2276 622 2334 in
652 2277 756 2334 eodem
786 2276 929 2352 epistylio
957 2277 996 2334 ab
1024 2277 1164 2335 interiore
1192 2285 1289 2355 perte:
1323 2277 1350 2348 l),
1377 2278 1415 2336 ab
1438 2279 1609 2336 exteriore:
1642 2297 1665 2348 c,

592 2373 634 2436 ‘di
656 2372 774 2456 sopra’:
798 2379 896 2448 α,ουί
919 2379 1003 2438 addit
1024 2381 1080 2456 lrg.
1104 2382 1132 2437 d.

368 2483 426 2538 iam
456 2479 526 2539 licet
554 2480 657 2538 videar
684 2481 757 2539 milri
785 2480 932 2556 quendam
959 2481 1198 2540 testimoniorum
1231 2481 1380 2540 Marlianii
1414 2480 1608 2558 Manutiique
1637 2492 1664 2539 et

366 2583 480 2640 Metelli
509 2581 685 2660 Ligeriique
715 2600 895 2642 consensum
922 2583 1158 2643 animadvertere
1177 2617 1219 2626 -
1236 2585 1375 2642 nimirum
1404 2583 1448 2641 illi
1473 2585 1533 2641 ab
1562 2583 1661 2642 titulos
1715 2617 1716 2624 2

365 2684 510 2756 interiori,
533 2704 548 2746 c
567 2684 684 2743 titulum
708 2686 848 2744 exteriori
870 2687 946 2762 parti
969 2687 1113 2763 epistylii,
1135 2687 1164 2743 hi
1180 2705 1199 2743 a
1214 2687 1229 2742 b
1245 2685 1350 2744 titulos
1373 2685 1505 2743 diversis
1529 2687 1660 2744 eiusdem

364 2787 497 2863 epistylii
524 2789 660 2866 partibus
690 2788 850 2864 adsignare
875 2789 1070 2846 videntur-
1094 2798 1192 2846 tamen
1214 2807 1309 2864 neque
1331 2788 1444 2846 Metelli
1471 2789 1565 2846 rerba
1589 2789 1659 2845 satis

364 2889 506 2966 intellego
535 2910 590 2948 nec
618 2891 702 2966 prius
730 2891 773 2949 rei
801 2891 899 2950 adhuc
926 2890 1014 2967 plane
1042 2891 1189 2949 obscurae
1212 2890 1443 2967 explicationem
1467 2908 1562 2964 posse
1584 2890 1659 2948 felici

364 3003 472 3051 eventu
504 2993 643 3069 temptari
670 3003 743 3070 puto
770 3013 859 3070 quam
889 2995 925 3052 de
953 2994 1118 3070 propagine
1145 2993 1385 3072 apographorum
1415 2994 1590 3068 quaesitum
1618 2993 1659 3050 lu·

364 3099 428 3153 erit.
473 3096 595 3155 videant
622 3097 714 3173 igitur
742 3097 851 3172 quibus
882 3117 917 3156 ea
946 3099 981 3156 de
1010 3117 1042 3156 re
1072 3097 1211 3156 iudicium
1241 3097 1382 3173 competit
1414 3096 1440 3154 si
1474 3095 1555 3154 forte
1583 3097 1657 3154 ultra

363 3198 484 3275 prodire
510 3198 612 3258 datum
639 3201 686 3258 sit.
730 3201 864 3276 integros
886 3199 1000 3259 vidisse
1028 3199 1132 3258 titulos
1160 3199 1230 3259 illos
1251 3199 1442 3272 Martianium
1466 3199 1657 3259 Metellumrc

363 3299 500 3376 equidem
522 3320 582 3359 uon
605 3301 789 3360 crediderim.

320 3508 339 3564 4
363 3508 454 3582 (ined.
471 3509 508 3584 l).
532 3542 572 3551 —
598 3509 631 3568 ln
660 3529 719 3568 una
746 3511 782 3568 de
809 3512 905 3569 tribus
932 3513 1067 3571 tabernis
1090 3511 1132 3587 (r.
1154 3531 1183 3570 n.
1206 3511 1318 3587 anteo.)
1345 3511 1401 3569 hoc
1429 3529 1510 3569 anno
1542 3513 1653 3570 iaccbat

360 3611 470 3689 fragm.
494 3629 598 3671 marm.
620 3611 729 3671 litteris
752 3614 905 3689 pessimis,
928 3615 1008 3692 qued
1031 3613 1186 3690 descripsi.

908 3761 1067 3842 som
1138 3797 1143 3812 ,

317 3983 471 4044 5:938.
491 4017 528 4026 —
546 3983 674 4046 Saeculo
704 3995 811 4044 octavo
845 3986 875 4044 iu
903 3985 1043 4060 epistylio
1075 3986 1158 4044 aedis
1190 3985 1370 4062 Vespasiani
1398 3987 1434 4044 de
1461 4005 1523 4062 qua
1551 4006 1648 4064 super·

359 4095 426 4142 sunt
455 4093 518 4144 tres
548 4087 704 4144 columnae
734 4087 847 4145 ordinis
878 4087 1016 4145 corinthii
1047 4107 1114 4146 eum
1142 4095 1226 4162 parte
1256 4087 1404 4164 epistylii,
1434 4088 1474 4145 ab
1504 4105 1647 4164 anonymo

359 4185 564 4246 Eiusiedlensi
586 4188 671 4259 lecta,
694 4207 773 4247 nunc
795 4209 834 4246 ex
855 4199 940 4267 parte
963 4199 1129 4265 superstes;
1153 4188 1223 4247 fuit:

319 4349 385 4404 diuo
407 4353 581 4426 ucapaaiaao
603 4362 723 4427 aequato
746 4373 770 4410 a.
785 4373 815 4427 p.
832 4372 859 4428 q.
875 4371 899 4409 r.
925 4353 929 4428 l
953 4356 1020 4428 imp.
1044 4371 1133 4411 caesa.
1150 4371 1264 4410 acueres
1288 4363 1314 4411 ct
1333 4355 1489 4412 antoninae
1507 4357 1558 4428 pii
1571 4353 1644 4428 salic.

316 4448 430 4525 aum]
452 4465 615 4511 resrtrvsa
1691 4447 1700 4482 ⁶

316 4656 385 4714 6=
402 4659 492 4719 1019.
508 4693 549 4702 -
564 4662 602 4720 Α.
629 4661 728 4720 1834?
750 4661 868 4721 Parvus
887 4663 996 4739 cippus
1019 4682 1204 4722 marmoreus
1226 4684 1288 4741 rep.
1311 4617 1405 4721 ‘sotto
1425 4663 1448 4720 il
1471 4665 1598 4739 palazzo
1618 4661 1643 4718 di

355 4757 565 4839 Campidoglio
594 4782 681 4822 verso
704 4765 727 4822 il
754 4760 832 4823 soro'
862 4766 1018 4836 Amatius3
1046 4763 1141 4824 ‘entre
1168 4784 1200 4824 se
1222 4761 1344 4841 temple'
1367 4764 1583 4841 (Vespasiani)
1608 4762 1644 4820 ‘et

354 4862 429 4920 celui
452 4863 488 4920 de
511 4864 541 4924 la
563 4862 730 4924 Concorde'
752 4866 913 4926 Bunseuus
935 4869 1014 4924 Ann.
1038 4871 1107 4926 inst.
1133 4868 1224 4940 1834,
1240 4865 1294 4937 243
1321 4886 1399 4924 nunc
1420 4868 1452 4924 iu
1475 4886 1554 4926 mus.
1575 4865 1642 4942 Cap.

568 5039 654 5097 diuae
671 5042 741 5114 piae
764 5041 768 5116 Ι
785 5042 937 5114 faustinae
961 5042 964 5118 Ι
988 5045 1083 5099 uiator
1105 5061 1132 5117 q.
1158 5043 1162 5119 l
1187 5042 1223 5098 al>
1245 5060 1303 5098 cer.
1326 5051 1372 5098 act

351 5228 370 5267 a
391 5211 448 5269 siu.
472 5229 579 5270 urceus
604 5211 723 5288 scalpro
744 5211 872 5285 deletus,
896 5233 915 5272 a
936 5215 964 5273 d.
987 5221 1101 5292 patera.
