3488 5828
495 484 545 532 ua
573 483 774 534 sonuimus
802 484 1093 536 svevsunmavs.
1385 470 1458 540 219

127 659 241 718 delium
269 658 541 718 Antoninianorum
567 658 709 734 exiguum
736 665 820 716 extat
845 657 1054 734 fragmentum,
1082 659 1194 718 editum
1221 670 1292 736 post
1317 661 1394 720 alios
1422 663 1459 721 ab

127 761 273 822 Henneno
301 781 328 818 ιι.
347 759 427 820 6053
454 767 485 818 et
511 757 546 820 C.
567 759 591 817 1.
614 759 649 818 L.
673 759 727 832 VI,
751 758 843 834 2001,
870 761 909 818 ad
935 761 1159 821 Antoninianos
1185 763 1312 821 relatum
1340 781 1458 838 praece-

126 865 216 924 dente
229 862 421 924 Melchiorrio
444 861 690 940 aBorghesiol).
734 862 869 939 Apparet
889 871 988 921 autem
1010 883 1048 922 ex
1070 863 1117 922 bis
1138 865 1237 938 fastis,
1260 873 1294 923 ut
1313 865 1390 924 inter
1411 885 1459 925 so·

128 967 212 1026 dales
235 965 430 1042 Augustales,
452 965 495 1024 ita
515 965 594 1024 inter
614 964 837 1024 Antoninianos
860 982 978 1042 quoque
1007 965 1202 1042 imperatores
1229 968 1458 1046 imperatorum·

95 1081 100 1088 '
127 1089 186 1147 que
207 1070 285 1128 filios
307 1075 465 1143 cooptatos
488 1085 564 1127 esse.

212 1172 276 1230 lam
304 1179 375 1246 post
395 1169 541 1229 Antonini
562 1169 612 1230 Pii
639 1172 895 1230 consecrationem
922 1177 951 1230 et
979 1169 1100 1230 sodales
1126 1171 1347 1232 Antoninianos
1374 1173 1458 1232 insti-

127 1283 206 1334 tutos
231 1291 327 1331 novae
355 1272 531 1332 sodalitates
558 1279 676 1332 creatae
703 1291 771 1332 esse
799 1275 919 1332 omuino
945 1291 1006 1332 non
1028 1273 1175 1346 videntur,
1202 1275 1255 1334 aed
1280 1275 1457 1353 quicumque

124 1385 232 1450 postea
253 1376 419 1434 consecrati
442 1384 513 1433 sunt
538 1376 744 1450 imperatores,
770 1393 871 1434 eorum
899 1393 986 1433 sacra
1008 1395 1115 1435 curare
1134 1377 1214 1474 iussi
1237 1387 1307 1436 sunt
1328 1379 1457 1437 Antoni-

125 1479 218 1550 niani,
239 1478 283 1536 ita
304 1485 336 1536 ut
357 1496 437 1536 nova
459 1478 638 1554 cognomina
660 1497 676 1535 e
698 1477 868 1536 nominibus
889 1496 1034 1536 novorum
1057 1478 1194 1538 divorum
1215 1488 1312 1539 tracta
1340 1481 1456 1558 accipe·

124 1591 200 1640 rent.
243 1581 291 1638 Ac
317 1579 420 1638 divum
446 1579 565 1655 quidem
594 1577 706 1638 Verum
734 1579 771 1638 ab
797 1581 1012 1640 Antoninianis
1041 1581 1153 1640 cultum
1182 1599 1247 1640 esse
1269 1592 1372 1640 narrat
1393 1584 1455 1642 bio-

124 1684 258 1758 graphus
272 1682 368 1741 Marci
383 1700 407 1742 c.
428 1679 514 1758 15²);
537 1681 575 1738 de
590 1680 659 1738 divo
676 1681 779 1740 Marco
794 1681 882 1742 testie
905 1692 951 1742 est
972 1683 1157 1762 biographus
1178 1702 1203 1741 c.
1221 1682 1303 1760 18³),
1326 1683 1363 1744 de
1386 1685 1454 1743 divo

122 1786 233 1862 Magno
261 1784 414 1843 Antonino
441 1785 626 1862 biographus
653 1780 801 1843 Caracall.
837 1803 861 1843 c.
881 1784 960 1862 11⁴).
1005 1785 1105 1844 Etiam
1137 1785 1238 1845 dirum
1266 1786 1454 1846 Pertinacem

122 1888 261 1963 quamvis
284 1905 345 1946 non
367 1888 557 1946 coniunctum
584 1887 747 1962 adoptione
773 1905 840 1946 cum
861 1887 1083 1947 Antoninorum
1108 1888 1228 1964 domo⁵)
1252 1887 1369 1948 sodales
1391 1891 1454 1946 An-

122 1989 268 2048 toniniani
299 1988 499 2064 coluerunt).
543 1986 784 2066 comprobantur
811 1996 911 2050 autem
944 1991 1125 2068 scriptorum
1157 1991 1328 2050 testimonia
1360 1999 1390 2050 et
1421 1991 1453 2051 id

121 2091 211 2167 quod,
239 2109 420 2167 quamquam
442 2091 679 2167 ascriptoribus
707 2090 817 2150 diserte
843 2111 903 2150 non
930 2099 1078 2166 narratur,
1106 2093 1193 2152 facile
1221 2102 1318 2152 tamen
1345 2111 1384 2151 ex
1407 2094 1451 2152 eis

120 2194 223 2270 colligi
244 2193 350 2272 potuit,
377 2193 468 2252 etiam
491 2191 647 2251 Commodi
675 2201 705 2251 et
726 2191 831 2253 Severi
858 2211 945 2253 sacra
966 2195 1188 2254 Antoninianos
1214 2213 1335 2254 curasse
1362 2196 1452 2254 effici-

120 2305 168 2354 tur
190 2296 234 2355 eis
255 2313 334 2370 quae
355 2295 565 2372 inscriptiones
586 2296 674 2354 nobis
701 2297 945 2368 subministrant3
973 2316 1098 2374 quarum
1126 2316 1177 2358 cas
1203 2317 1280 2374 quae
1307 2299 1381 2356 mibi
1406 2299 1452 2357 in-

118 2405 281 2458 notuerunt
301 2417 339 2456 ex
361 2397 465 2458 ordine
488 2397 652 2474 dispositas
674 2398 829 2458 exhibebo.

204 2500 331 2562 Sodales
354 2499 565 2558 Antoniniani:

205 2605 236 2679 l)
273 2602 348 2661 Vide
370 2601 573 2661 Hadrianales
596 2623 625 2661 n.
643 2601 671 2660 2.

202 2705 236 2782 2)
274 2705 318 2780 [T.
344 2705 486 2763 Vitraeius
503 2747 509 2761 .
527 2746 534 2761 .
544 2707 572 2780 s.
595 2703 707 2778 Pollio,
736 2703 894 2780 co(n)s(nl)
921 2705 972 2776 ΙΙ,
986 2747 1092 2762 .....
1109 2703 1331 2782 limatiorem,
1359 2727 1448 2766 comes

272 2807 329 2882 [Μ.
352 2807 490 2866 Antonini
517 2816 542 2866 et
567 2806 603 2864 L.
622 2807 703 2882 Ver]i
728 2805 951 2883 Aa9(aatoram)
979 2807 1175 2884 inpeditio[nia
1192 2851 1295 2866 .....
1316 2808 1448 2884 Geroda-

272 2913 363 2980 nicae,
384 2912 449 2967 item
472 2928 561 2968 eones
584 2908 638 2983 [M.
655 2907 794 2966 Antonini
816 2917 842 2966 et
860 2908 1017 2984 Compendi
1031 2909 1257 2986 An9(aetorarn)
1280 2912 1447 2987 expeditio·

270 3014 316 3070 nie
342 3009 528 3070 Germanicae
551 3009 755 3085 Sar]rnaticae,
783 3009 825 3068 bie
854 3012 935 3070 donia
958 3011 1143 3088 militaribus
1172 3014 1293 3072 donatus
1321 3013 1447 3090 cor]onie

106 3322 207 3392 pleb.)3
233 3322 381 3374 Wilmauns
404 3320 471 3371 1187
498 3316 540 3385 (C.
561 3319 655 3370 Arrius
674 3321 817 3370 Antoninus
818 3355 933 3382 ......
940 3318 1029 3386 stater
1048 3320 1155 3372 Arentia
1155 3358 1271 3382 ......
1286 3322 1379 3374 aedilis
1404 3341 1445 3375 en-

113 3416 194 3478 rann
215 3415 248 3465 cf.
267 3431 293 3480 p.
309 3413 360 3465 207
382 3429 407 3464 n.
424 3414 464 3476 7);
485 3413 631 3463 Wilmanns
652 3415 722 3463 1808
744 3411 786 3474 (Ρ.
801 3411 890 3464 Aeliae
906 3409 1034 3464 Coeranus
1035 3450 1150 3477 ......
1165 3413 1224 3466 trib.
1242 3414 1326 3483 plebei
1326 3453 1443 3479 ......

106 3510 197 3576 frater
216 3507 343 3568 Annalis).
381 3507 466 3556 Etiam
486 3507 515 3556 L.
536 3505 638 3558 Salvius
658 3506 735 3568 Otho,
756 3506 850 3556 flamen
872 3506 980 3556 fratrum
1000 3506 1136 3558 Arvalium
1156 3523 1180 3558 a.
1200 3509 1233 3559 89
1255 3507 1372 3570 (Henzen
1391 3526 1444 3562 arr.

112 3619 140 3668 p,
160 3600 270 3662 XLIX),
297 3615 327 3649 eo
353 3607 467 3663 tempore
493 3599 624 3647 etiamtum
644 3598 759 3662 plebeius
777 3599 833 3658 fnit,
856 3614 912 3648 cum
933 3614 1000 3648 anna
1021 3599 1124 3650 demum
1144 3600 1178 3650 48
1199 3616 1215 3651 a
1235 3601 1344 3651 Claudio
1364 3604 1444 3668 impe·

111 3701 200 3745 ratore
220 3695 286 3743 inter
304 3693 428 3756 patricios
448 3691 561 3740 adlectus
581 3691 614 3738 sit
635 3690 717 3751 (Suet.
738 3690 807 3742 Otho
829 3693 852 3740 1.
873 3690 913 3740 ct.
936 3692 998 3741 Tae.
1019 3705 1079 3741 ann.
1103 3693 1145 3753 11,
1161 3691 1214 3754 2⁵).

192 3785 215 3846 ¹)
254 3783 321 3850 Opp.
343 3785 368 3845 3,
384 3781 446 3833 887.

190 3875 214 3938 ²)
252 3875 440 3926 Antoninianos
457 3873 559 3925 sodales
578 3881 602 3924 et
620 3889 701 3925 omnes
720 3873 826 3925 bonores
839 3873 883 3940 qui
896 3871 964 3923 dicia
976 3871 1098 3925 talentu-r
1110 3872 1187 3924 eidem
1202 3875 1292 3938 (Vero)
1306 3875 1442 3930 dedicauit.

189 3967 215 4032 3)
252 3965 337 4018 Etiam
358 3967 471 4035 ternplum
490 3968 515 4017 ei
532 3967 697 4029 constituunt,
718 3966 775 4017 dati
793 3965 937 4018 sacerdotes
956 3966 1125 4018 Antoniniani
1143 3973 1167 4016 et
1186 3965 1294 4018 sodales.

190 4060 216 4124 ⁴)
254 4058 340 4111 Habet
359 4060 471 4128 templum
473 4095 567 4122 .....
582 4057 657 4110 babet
674 4059 775 4110 sodales
795 4059 988 4110 Antoninianae.

191 4152 213 4216 ⁵)
251 4152 409 4218 Borghesius
429 4160 524 4214 tamen,
544 4168 602 4202 cum
621 4153 733 4206 Severus
752 4159 778 4202 et
795 4152 939 4202 Pertinacis
959 4159 984 4200 et
1001 4151 1039 4201 M.
1058 4152 1160 4202 Aurelii
1179 4153 1260 4204 tilium
1280 4169 1307 4203 se
1327 4155 1378 4205 dici
1398 4172 1441 4207 ιο-

109 4247 196 4306 luerit,
216 4245 378 4296 Pertinacem
404 4260 505 4311 quoque
529 4245 616 4309 aliqua
645 4245 744 4294 ratione
769 4259 826 4294 cum
853 4244 1046 4294 Antoninorum
1070 4245 1148 4296 domo
1173 4246 1337 4297 coniunctum
1362 4249 1442 4300 fuisse

109 4339 241 4390 existimat
265 4337 335 4403 (opp.
356 4339 381 4400 3,
403 4339 468 4389 399:
493 4335 596 4388 essendo
621 4343 686 4387 etate
706 4337 802 4386 intruso
822 4335 875 4402 eqli
890 4351 953 4404 pure
972 4336 1040 4386 nella
1059 4335 1224 4388 discendenea
1243 4338 1286 4390 del
1303 4337 1371 4392 Divo
1392 4341 1441 4394 Pio

107 4431 156 4481 dal
173 4445 315 4481 successere
329 4427 431 4492 Severo,
452 4429 520 4480 colla
540 4429 636 4497 duppin
655 4428 775 4479 adunione
795 4422 845 4478 clte'
868 4428 920 4495 epli
932 4427 998 4496 finae
1009 4429 1084 4494 satta
1102 4429 1131 4479 di
1148 4446 1175 4480 se
1194 4430 1264 4482 dallo
1285 4440 1362 4484 stesso
1377 4433 1439 4484 Per·

108 4525 192 4574 tinace
210 4529 234 4571 et
252 4521 287 4572 da
306 4519 344 4572 M.
361 4519 488 4588 Aurelia).
527 4523 580 4574 Sed
600 4537 650 4586 quo
670 4528 784 4585 tempore
804 4522 914 4572 Severus
933 4521 1095 4572 Pertinacem
1117 4527 1276 4575 consecravit
1295 4533 1320 4575 et
1339 4528 1440 4579 sodales

107 4615 304 4668 Antoninianos
328 4615 381 4664 divi
401 4615 544 4665 Pertinacis
568 4629 641 4664 sacra
664 4628 752 4663 curare
772 4615 853 4675 iussit,
875 4615 928 4680 ipse
948 4615 1059 4666 Severus
1084 4616 1145 4665 diuo
1164 4617 1255 4668 Marco
1274 4619 1301 4668 in
1321 4620 1439 4684 adoptio-

106 4723 167 4758 nem
194 4707 308 4756 nondum
332 4722 359 4756 se
384 4707 504 4768 dederat3
529 4707 689 4757 Pertinacem
709 4707 778 4756 enim
798 4707 958 4757 consecravit
977 4706 1087 4759 Severus
1112 4721 1136 4757 a.
1159 4710 1209 4759 193
1235 4709 1298 4771 (Dio
1319 4711 1362 4775 73,
1384 4711 1438 4774 17),

107 4801 163 4850 diri
182 4799 265 4850 Marci
284 4800 353 4849 lilius
372 4800 455 4850 faetus
475 4807 512 4850 est
531 4815 555 4850 a.
577 4801 628 4850 197
649 4805 706 4864 post
726 4799 846 4849 Clodium
867 4799 991 4849 Albinum
1010 4799 1139 4850 devictum
1160 4801 1222 4862 (Dio
1243 4803 1286 4863 75,
1302 4802 1338 4863 7).

185 4889 211 4955 ⁶)
248 4891 310 4941 Vita
329 4891 419 4945 Severi
440 4894 469 4941 l:
487 4891 570 4958 sanae
592 4891 681 4943 deinde
707 4892 844 4943 calcearium
862 4889 1006 4942 Pertinacia
1030 4893 1138 4958 inopini
1160 4891 1232 4942 duait
1255 4908 1354 4960 eumque
1373 4895 1438 4944 inter

105 4983 180 5034 diros
198 4984 320 5046 sacravit,
342 4983 430 5035 addito
443 4984 548 5050 flam-ine
567 4992 591 5036 et
609 4983 740 5035 sodalibus
759 4981 895 5034 Heleianie
914 4985 958 5051 qui
975 4981 1108 5035 Marciani
1118 4985 1234 5050 suerunt.
1274 4985 1334 5036 Vita
1353 4985 1436 5035 Perti·

105 5077 180 5128 nacis
201 5077 247 5127 15:
267 5073 400 5126 diareinni
418 5076 526 5140 sodales,
548 5079 592 5145 qai
609 5077 665 5128 diei
683 5075 771 5129 Marci
788 5093 865 5128 sacra
884 5075 1014 5140 curabant,
1035 5074 1159 5128 Helviani
1176 5083 1234 5128 eunt
1252 5075 1316 5129 dicti
1330 5084 1436 5146 propter

104 5166 226 5220 Heluium
244 5166 409 5222 Pertinacem.
484 5173 486 5178 '
