3516 5828
345 509 416 578 148
775 522 1050 572 nnnmansn'rn
1078 521 1160 572 von.
1182 523 1237 570 vn

342 699 406 757 137
430 699 500 772 (ina.
523 703 594 772 post
620 716 647 753 n.
667 693 794 770 latta).
846 695 975 752 Eburaci
1008 695 1038 752 in
1066 694 1280 752 effossionibus
1308 693 1376 750 riae
1404 694 1515 751 ferreae
1538 713 1561 751 a
1582 695 1636 753 1888

386 799 497 876 prodiit
518 799 716 874 fragmentum
740 796 866 855 tabellae
894 797 1059 873 laevigatae
1082 815 1120 854 ex
1147 797 1248 872 lapide
1269 795 1360 854 fissili
1383 795 1494 854 coloris
1515 795 1603 853 viridis
1619 797 1640 868 (a
1731 809 1743 862 ε

382 906 497 978 portion
520 904 553 976 os
571 920 589 958 α
605 901 694 976 finelp
711 899 847 975 polislred
867 899 954 956 tablet
974 901 1008 974 os
1022 918 1108 974 preca
1130 908 1209 956 atone
1230 917 1264 954 or
1286 897 1384 972 alna),
1408 916 1486 973 quae
1508 897 1608 956 ridetur
1622 899 1644 954 in

386 1004 548 1078 marginem
571 1003 700 1077 ligneum
723 1001 840 1059 inclusa
861 1000 966 1059 faisse.
1012 1000 1156 1060 Servatur
1170 1000 1299 1058 Eburaei
1322 1001 1353 1057 in
1376 1018 1484 1058 museo
1499 998 1648 1058 donoGnil.

387 1105 556 1164 Greenwell
574 1104 707 1162 canonici
724 1103 947 1161 Dunelmensis.
993 1101 1203 1179 Scariphatum
1220 1102 1250 1159 in
1267 1121 1303 1159 ea
1317 1113 1364 1160 est
1381 1101 1501 1178 (roupiy
1517 1102 1651 1176 soracten)

931 1335 1089 1378 canotnvs

387 1552 411 1608 I.
435 1551 548 1607 [taine
572 1549 727 1623 catalogus
751 1548 845 1604 musei
868 1547 1070 1605 Eburacensis
1092 1548 1138 1604 ed.
1164 1547 1203 1604 VI
1230 1547 1308 1606 1875
1329 1567 1358 1624 p.
1379 1549 1476 1606 1001.

387 1653 513 1710 Videtur
534 1651 715 1727 pertinuisse
731 1649 769 1706 ad
791 1650 867 1706 idem
892 1649 935 1707 vel
961 1650 1059 1708 simile
1083 1649 1248 1725 sigillorum
1271 1668 1364 1726 genus
1388 1661 1484 1728 atque
1502 1653 1673 1711 medicorum

345 1755 554 1812 oculariorum.

347 1961 409 2021 138
432 1962 492 2037 (ins
515 1969 585 2039 post
606 1982 634 2020 n.
654 1961 757 2037 1324).
801 1959 998 2039 Signaculum
1028 1981 1147 2020 aereum
1174 1981 1237 2037 rep.
1261 1960 1468 2021 Camuloduni
1499 1965 1606 2041 ibique
1630 1984 1682 2024 ser·

389 2073 488 2122 ratum
511 2065 541 2121 in
565 2081 676 2122 museo.

950 2216 1068 2262 ΒΙΟΚΝΟ

391 2393 438 2450 W.
462 2392 520 2450 Th.
547 2391 684 2449 Watkin
706 2391 848 2450 arcitaenl.
864 2393 963 2464 journ.
988 2393 1038 2463 31,
1063 2392 1141 2450 1874
1163 2412 1192 2468 p.
1210 2393 1281 2450 355.

390 2495 480 2566 Novi,
503 2493 556 2550 sed
578 2495 736 2570 genuinum
761 2513 818 2552 non
841 2495 954 2570 putari.
998 2495 1159 2567 Videbunt,
1182 2496 1232 2570 qni
1255 2495 1361 2552 iterum
1385 2496 1626 2556 examinabunt.

348 2703 412 2762 139
436 2705 507 2780 (ins.
519 2711 589 2781 post
604 2723 632 2760 n.
648 2702 750 2778 1324).
781 2703 976 2780 Signaculnm
988 2723 1105 2762 aereum
1118 2724 1180 2781 rep.
1194 2703 1303 2761 alieubi
1318 2705 1347 2760 in
1362 2703 1579 2779 Ossordshire3
1597 2709 1691 2784 periit.

958 2931 1068 2973 Etsssv

390 3129 412 3185 1.
437 3127 471 3184 Ε.
494 3125 734 3203 Nightingale
756 3126 893 3184 exhibuit
919 3127 1055 3185 instituto
1083 3126 1309 3204 archaeologico
1333 3125 1531 3198 Britanniam
1557 3131 1610 3190 W.
1635 3131 1692 3190 Th.

349 3229 491 3287 Watkin
513 3229 656 3286 arehaeol.
672 3229 769 3301 jonra.
795 3229 844 3299 31,
872 3227 949 3286 1874
973 3248 1002 3306 p.
1019 3229 1079 3288 355
1102 3229 1203 3287 edidit.

391 3331 453 3388 Vix
475 3340 555 3388 recte
577 3331 695 3389 lectum.

349 3539 416 3599 140
440 3541 511 3616 (ins.
535 3551 603 3618 post
624 3539 812 3616 n.133t,a>.
857 3541 890 3599 In
917 3543 1091 3618 fragmentis
1114 3543 1323 3618 amphorarum
1350 3543 1479 3618 repertis
1505 3563 1535 3602 a.
1556 3547 1642 3606 1878
1666 3550 1696 3606 in

392 3643 590 3701 Souttairielda
612 3644 684 3702 haee
707 3651 776 3701 sunt
798 3643 971 3721 scariphata

912 3927 931 3966 α
971 3889 1033 4016 ‘BER
1055 3925 1108 3968 sint

912 4100 928 4156 t
961 4067 995 4206 ip
1017 4116 1089 4158 vtes

395 4342 543 4401 Robertus
567 4343 668 4402 Blair
691 4353 799 4420 ectypa
822 4343 912 4402 misit.

352 4551 412 4609 141
435 4551 506 4626 (ins.
530 4563 600 4629 post
621 4573 649 4610 n.
668 4553 756 4625 1332,
769 4557 804 4622 a).
849 4553 920 4612 Olla
946 4563 1080 4612 cretaeea
1107 4573 1168 4630 rep.
1192 4553 1405 4630 Cantabrigiae
1429 4556 1459 4612 in
1483 4556 1689 4618 fundamentis

395 4654 539 4720 carceris:
560 4655 737 4732 inscriptum
760 4657 876 4714 eratin
899 4665 983 4733 parte
1005 4659 1153 4715 exteriore
1176 4658 1256 4716 eirca
1277 4675 1385 4732 eorpus
1409 4657 1502 4714 ollae:

872 4871 937 4928 rme
950 4899 956 4913 ·
970 4883 1018 4928 icc
1040 4871 1173 4930 almires

400 5067 589 5147 Gentiernan’s
617 5093 764 5164 ratapazine
792 5109 818 5146 a.
845 5089 924 5147 1802
954 5089 1030 5147 Nor.
1060 5110 1088 5164 p.
1108 5091 1187 5149 1000
1211 5091 1269 5148 tab.
1295 5089 1311 5180 2
1336 5089 1384 5164 fig.
1408 5090 1421 5144 1
1448 5087 1530 5163 (inde
1553 5089 1604 5146 W.
1628 5088 1682 5146 Th.

355 5191 495 5248 Watkin
516 5193 658 5249 arelraeoi.
674 5193 774 5264 joam.
798 5191 846 5264 31,
875 5190 952 5249 1874
976 5211 1003 5266 p.
1021 5191 1106 5266 350).
