3496 5828
362 459 409 527 76
655 473 799 525 nassau
827 474 877 524 uu
904 473 1034 524 rnsrrs
1062 470 1398 523 sacunuo'raumvs

360 660 392 708 ut
419 657 488 724 post
515 648 683 706 dedicatum
710 647 828 705 titulum
851 646 1104 720 Tarquiniensem
1127 645 1166 718 Q.
1188 643 1361 702 Petronium
1384 641 1539 702 Meliorem
1566 641 1696 699 alterum

360 751 560 810 sacerdotium
583 750 735 826 accepisse
758 759 881 808 statuat.
925 748 1031 824 Itaque
1054 748 1210 805 sodalibus
1225 745 1442 822 Augustalibus
1465 745 1557 820 (quos
1573 743 1696 801 eosdem

359 854 452 912 tuisse
480 871 515 909 ae
542 852 661 910 sodales
689 851 871 927 Augustales
899 849 1072 908 Claudiales
1101 849 1286 925 Borghesius
1314 848 1414 906 docuit
1442 866 1543 904 oeurr.
1566 846 1598 916 4,
1625 845 1695 902 173.

362 955 434 1029 174)
457 954 560 1012 tabula
582 952 765 1013 Gruteriaua
787 952 985 1011 adiudicanda
1006 952 1071 1009 erit.

442 1055 595 1134 Numerus
623 1073 742 1132 quoque
769 1055 956 1112 decuriarum
985 1055 1049 1110 sire
1077 1055 1209 1111 locorum
1237 1052 1355 1128 collegii
1379 1071 1466 1127 quem
1490 1051 1594 1110 tabula
1616 1049 1695 1109 Gru·

358 1159 476 1217 teriana
498 1159 621 1233 praebet
643 1158 736 1215 multo
760 1158 855 1232 magis
878 1151 1032 1214 sodalibus
1055 1155 1274 1232 Augustalibus
1300 1155 1438 1211 convenit
1459 1173 1549 1229 quam
1573 1154 1694 1230 auguri-

358 1260 423 1317 bus.
468 1258 594 1335 Legitur
620 1259 698 1316 euim
727 1259 756 1316 iu
785 1258 888 1316 tabula
916 1257 1097 1317 Gruteriana
1125 1277 1152 1315 a.
1176 1259 1211 1316 51
1244 1276 1271 1332 p.
1296 1254 1368 1314 Chr.
1397 1254 1550 1314 Neronem
1579 1253 1694 1315 Caesa·

358 1382 421 1420 rem
445 1361 574 1436 Augusti
601 1362 621 1418 f.
646 1359 856 1418 Germanicum
885 1379 975 1437 supra
1002 1379 1156 1417 numerum
1183 1361 1261 1416 iuter
1287 1357 1456 1416 sacerdotes
1479 1375 1546 1416 esse
1569 1373 1694 1435 coopta-

358 1474 420 1522 tum
448 1464 586 1521 instituta
613 1481 692 1519 nova
719 1463 782 1520 eius
810 1480 903 1520 causa
935 1461 1057 1520 decuria
1089 1479 1213 1519 numero
1240 1461 1385 1518 vicesima
1417 1461 1559 1537 septima;
1593 1463 1696 1538 itaque

357 1573 427 1624 aute
450 1585 477 1623 a.
501 1566 538 1622 51
564 1564 735 1622 sacerdotes
759 1564 865 1639 rigiuti
889 1581 944 1620 sex
967 1564 997 1621 iu
1020 1582 1056 1621 eo
1079 1563 1207 1639 collegio
1230 1562 1269 1619 ad
1291 1563 1370 1637 quod
1394 1562 1495 1620 tabula
1509 1560 1695 1624 Gruteriaua

356 1667 485 1745 pertinet
517 1667 613 1725 fuisse
647 1684 771 1724 necesse
804 1674 860 1724 est.
927 1668 1066 1742 Augures
1099 1675 1197 1723 autem
1231 1664 1386 1723 dictatoris
1420 1661 1561 1723 Caesaris
1594 1674 1694 1726 aetate
1728 1696 1748 1705 -

357 1769 486 1827 sedecim
515 1768 610 1826 luisse
638 1777 771 1838 constet3
800 1785 926 1842 quorum
954 1786 1108 1824 numerum
1135 1785 1228 1842 usque
1255 1765 1292 1823 ad
1319 1785 1429 1824 annum
1458 1767 1494 1824 51
1524 1767 1563 1824 ad
1587 1770 1740 1844 vigintii

356 1890 411 1930 sex
434 1871 535 1946 augeri
558 1870 694 1946 potuisse
716 1889 777 1927 nou
799 1869 922 1945 ueg0¹)‚
951 1870 1013 1926 reri
1036 1869 1135 1927 simile
1156 1881 1255 1927 tamen
1277 1869 1308 1926 id
1330 1887 1389 1926 uon
1412 1869 1538 1926 videtur.
1578 1869 1685 1930 Coutr
1724 1900 1745 1923 ε

357 1972 479 2031 sodales
501 1971 685 2047 Augustales
713 1991 780 2029 cum
807 1972 935 2047 primum
961 1971 1090 2029 instituti
1118 1981 1188 2029 suut
1210 1970 1251 2044 (a.
1270 1970 1332 2045 14),
1361 1989 1484 2028 numero
1505 1971 1630 2032 suerunt
1652 1975 1740 2032 ri·-

355 2075 431 2151 giuti
453 2073 595 2150 quinque,
619 2091 747 2148 quorum
771 2073 877 2149 viginti
900 2091 977 2131 uuus
1001 2083 1081 2130 sorte
1104 2073 1184 2131 ducti
1199 2083 1284 2131 eraut
1306 2091 1322 2129 e
1345 2073 1525 2148 primoribus
1549 2075 1720 2148 civitatis„

357 2193 449 2253 snpra
475 2195 631 2234 numerum
659 2175 767 2234 adiecti
795 2175 937 2233 Tiberius
965 2173 1163 2233 Germanicus
1191 2175 1311 2232 Drusus
1334 2172 1481 2234 Claudius
1508 2175 1597 2251 (Tac.
1622 2197 1719 2236 auu-

359 2279 386 2350 1,
402 2278 451 2335 54.
476 2275 557 2336 Suet.
582 2275 686 2335 Claud.
704 2276 747 2352 6).
791 2277 897 2352 Itaque
920 2277 945 2335 si
969 2277 1007 2334 ad
1029 2276 1146 2336 sodales
1168 2275 1353 2353 Augustales
1375 2277 1509 2334 tabulam
1533 2275 1681 2340 Gruteria

356 2398 424 2438 uam
448 2380 597 2455 pertinere
620 2378 789 2448 statuimus,
812 2391 844 2436 nt
867 2397 893 2436 a.
911 2379 947 2436 51
973 2377 1095 2436 Nerone
1117 2395 1208 2454 supra
1229 2397 1383 2437 numerum
1406 2388 1545 2454 cooptato
1569 2381 1685 2440 decuri
1730 2402 1748 2425 τ

355 2481 440 2540 fieret
467 2480 610 2538 vicesima
638 2481 778 2556 septima,
804 2481 842 2538 ab
865 2499 891 2537 a.
918 2481 1064 2539 14111111.
1088 2481 1124 2538 51
1157 2500 1215 2538 uua
1242 2498 1334 2558 supra
1359 2499 1513 2539 numerum
1537 2486 1688 2559 cooptati·

354 2583 434 2641 lacta
457 2582 497 2640 sit
519 2599 641 2641 necesse
664 2590 718 2641 est.
757 2579 935 2658 Cogitabam
956 2582 993 2642 de
1015 2582 1137 2640 Nerone
1153 2581 1324 2642 Germanici
1347 2583 1419 2653 filio,
1442 2601 1529 2657 quem
1554 2585 1692 2644 sodalem

354 2684 554 2762 Augustalem
576 2684 673 2742 luisse
694 2684 812 2759 lapides
836 2682 931 2742 Orell.
951 2685 1021 2744 663.
1043 2683 1135 2744 1366.
1158 2683 1249 2744 1368.
1272 2684 1298 2742 Ι.
1320 2683 1359 2743 N.
1384 2683 1463 2742 1113
1487 2685 1612 2758 docent3
1639 2690 1712 2748 sed-

353 2788 432 2845 hunc
459 2787 654 2862 probabiliter
680 2805 748 2845 cum
775 2807 802 2844 a.
824 2805 853 2862 p.
878 2785 948 2846 Cirr.
973 2787 1011 2844 10
1035 2795 1135 2864 togam
1161 2787 1277 2846 virilem
1300 2797 1430 2846 sumeret
1452 2786 1540 2862 (Tac.
1565 2809 1640 2850 anu.
1664 2795 1695 2864 3,

356 2888 409 2964 19)
437 2889 469 2946 iu
496 2889 595 2947 locum
623 2886 796 2948 Germanici
827 2889 921 2963 patris
949 2907 976 2947 a.
1003 2889 1039 2946 19
1067 2888 1199 2956 defuncti
1231 2889 1389 2948 suffectum
1417 2907 1484 2948 esse
1511 2901 1619 2951 mouet
1646 2914 1701 2954 ure

354 2991 535 3061 Mommsen;
557 2990 659 3068 potius
682 2991 713 3048 iu
736 2991 879 3048 honorem
895 2989 988 3048 Drusi
1006 2988 1179 3050 Germanici
1200 2991 1254 3048 tilii
1276 2991 1410 3062 alterius,
1433 3010 1519 3067 quem
1538 3003 1569 3050 et
1590 2999 1692 3071 ipsum

354 3092 385 3149 id
412 3091 612 3150 sacerdotium
644 3093 788 3152 habuisse
821 3099 939 3151 constat
971 3090 1082 3166 (Orelli
1111 3092 1201 3168 667),
1229 3113 1294 3151 cum
1321 3113 1348 3152 a.
1372 3091 1409 3150 13
1440 3104 1541 3170 togam
1572 3097 1692 3157 virilem

354 3203 484 3252 sumeret
506 3193 595 3268 (Tac.
610 3213 677 3252 aun.
694 3195 723 3264 4,
739 3195 784 3269 4),
807 3195 977 3253 vicesimam
1001 3204 1118 3253 sextam
1141 3195 1287 3254 sodalium
1304 3195 1515 3272 Augustalium
1533 3197 1689 3259 decuriam

354 3313 423 3354 esse
444 3295 619 3354 institutam.

438 3395 504 3454 Has
527 3405 649 3454 cunctas
675 3415 724 3455 res
752 3416 828 3475 quas
850 3399 977 3474 exposui
1001 3399 1026 3456 si
1049 3399 1118 3475 quis
1141 3408 1277 3458 accurate
1298 3400 1503 3476 perpenderit,
1533 3421 1602 3460 eum
1632 3425 1691 3466 nou

354 3498 556 3558 dubitaturum
579 3516 646 3557 esse
668 3517 757 3574 spero
779 3500 851 3576 quin
873 3502 903 3559 iu
927 3500 1029 3559 tabula
1051 3499 1231 3560 Gruteriaua
1252 3520 1280 3576 p.
1298 3502 1400 3574 300,1
1429 3501 1575 3562 fastorum
1599 3508 1691 3566 soda-

352 3602 425 3660 lium
449 3601 663 3679 Augustalium
690 3619 762 3678 pars
790 3603 877 3660 nobis
906 3603 947 3660 sit
974 3612 1101 3661 servata.
1146 3602 1264 3662 Tabula
1293 3610 1390 3662 autem
1413 3604 1626 3666 Muratoriana
1654 3610 1691 3668 de

353 3723 412 3780 qua
433 3722 524 3780 supra
546 3703 610 3761 dixi
632 3704 749 3762 cuinam
765 3705 893 3783 collegio
916 3705 954 3762 sit
976 3705 1174 3778 attribuenda,
1197 3725 1263 3764 eum
1285 3723 1383 3780 neque
1405 3707 1443 3764 ad
1466 3724 1600 3783 augures
1625 3712 1689 3770 eius

351 3805 526 3865 referendae
552 3823 647 3880 neque
674 3806 713 3864 ad
739 3805 815 3865 alios
844 3814 942 3865 certos
970 3808 1141 3866 sacerdotes
1170 3826 1291 3866 causam
1319 3807 1408 3867 ullam
1436 3808 1566 3882 rideam,
1589 3812 1623 3869 iu
1647 3814 1689 3872 iu·

352 3915 433 3967 certo
455 3908 527 3966 mihi
548 3906 775 3983 relinquendum
798 3917 852 3966 est.

430 4154 452 4215 ¹)
473 4154 577 4204 11011
597 4157 641 4218 49,
657 4155 700 4206 rs.
