3496 5828
575 495 624 544 na
644 495 769 546 111111
789 495 880 549 oris,
1343 480 1388 551 73

89 671 216 734 Ciceronis
240 671 333 727 verba
354 687 445 746 supra
466 653 637 726 cbniectura
660 669 807 727 restituta.
852 670 928 727 banc
944 678 1043 728 autem
1064 671 1167 728 aedem
1191 671 1244 729 tibi
1267 673 1391 746 probavi

87 775 156 852 (apt.
176 776 266 848 epipr.
294 770 382 842 1872,
406 770 467 828 230
488 769 529 846 s.)
558 787 625 828 esse
647 789 714 828 eam
741 771 839 847 ipsam
863 790 951 847 quam
975 772 1052 830 iuter
1077 789 1173 830 annos
1196 773 1254 831 631
1280 775 1392 833 11640

86 874 260 936 1111111111
282 873 333 948 qui
355 871 550 950 triumphavit
572 871 609 929 de
630 873 780 932 Delmatia
801 893 827 932 a.
853 873 923 944 637,
946 874 1082 950 pontifex
1105 875 1254 934 maximus
1277 876 1393 934 dedica·

86 981 144 1038 verit
164 985 240 1034 teste
262 975 363 1034 Plinio
387 976 436 1045 ll,
460 975 508 1047 74,
537 975 621 1033 11111
649 976 741 1033 verba
767 995 783 1034 e
810 976 957 1053 rescripto
985 976 1088 1034 codice
1114 977 1241 1036 restitui.
1296 997 1394 1054 neque

88 1081 134 1138 ulla
154 1087 197 1138 est
224 1095 319 1136 causa
345 1095 398 1135 eur
420 1077 496 1134 hanc
518 1078 622 1135 aedem
645 1096 664 1133 a
692 1076 758 1136 solo
785 1077 904 1148 factam,
928 1097 986 1137 non
1009 1080 1177 1138 restitutam
1201 1096 1268 1138 esse
1290 1081 1393 1138 creda-

88 1201 146 1254 111,
164 1199 229 1240 cum
252 1179 428 1256 praesertim
450 1179 527 1236 idern
550 1179 600 1236 ille
616 1179 753 1239 Metellus
776 1181 942 1240 restituerit
963 1180 1065 1240 aedem
1089 1179 1235 1240 Castoris.
1280 1182 1394 1241 scilicet

89 1284 213 1362 pontilicis
235 1281 360 1339 maximi
381 1289 481 1359 partes
508 1281 539 1339 in
562 1281 734 1340 dedicandis
757 1283 844 1341 novis
873 1283 1111 1358 instauratisque
1132 1283 1275 1343 aedificiis
1299 1285 1394 1344 sacris

89 1388 151 1444 luere
168 1386 299 1444 eaedem.
344 1392 375 1441 at
396 1384 466 1459 quid
489 1383 583 1442 facias
604 1383 810 1459 Opiconeiviis
830 1384 868 1442 ad
884 1383 961 1461 Opis
984 1385 1117 1463 opiferae
1137 1386 1295 1444 celebratis
1318 1394 1394 1446 teste

91 1487 267 1564 hemerologio
290 1485 445 1544 Vallensif
474 1486 546 1561 quid
573 1487 689 1544 aerario
717 1485 756 1544 ad
784 1485 861 1563 Opis
888 1487 919 1544 in
942 1486 1103 1564 Capitolio,
1131 1507 1191 1546 uon
1218 1490 1248 1547 in
1271 1486 1394 1548 Saturni

92 1593 146 1649 aede
164 1590 199 1647 od
222 1589 321 1648 forum
343 1586 419 1647 sito?
442 1588 478 1646 de
501 1588 562 1646 illis
585 1588 629 1646 sic
651 1589 761 1647 sentio:
793 1587 870 1665 Opis
893 1589 1025 1664 opiferae
1048 1589 1151 1648 aedem
1173 1591 1311 1650 novimus
1335 1589 1394 1650 Ca·

92 1693 228 1766 pitolinam,
252 1691 331 1768 Opis
354 1691 507 1749 consiviae
529 1689 632 1750 aedem
655 1690 776 1749 nullam.
820 1690 893 1766 quid
923 1692 1015 1769 igitur
1036 1693 1138 1751 obstat
1159 1693 1318 1768 quominus
1340 1713 1394 1769 pu-

94 1805 165 1852 temus
185 1793 397 1871 Opeconsiviis
421 1801 453 1850 ut
475 1797 505 1850 in
527 1793 661 1870 regiaet
682 1792 809 1852 fortasse
831 1793 898 1851 aliis
923 1793 1007 1866 locis,
1034 1793 1071 1851 de
1098 1793 1206 1870 quibus
1228 1797 1395 1854 hemerolo-

93 1897 182 1972 giorum
204 1897 373 1973 fragmenta
399 1904 498 1953 tacent
526 1915 562 1954 ea
584 1911 661 1970 quae
684 1915 761 1953 nunc
782 1903 894 1966 extant,
918 1894 978 1971 Opi
1000 1895 1111 1954 factum
1134 1914 1202 1955 esse
1224 1896 1396 1975 11011111-

94 1997 124 2053 lio
146 1999 175 2055 11
197 1997 361 2073 opiferae?
389 2017 495 2074 nempe
521 1997 673 2056 coasiriae
701 1997 894 2075 opiferaeque
922 1998 1100 2074 cognomina
1127 2006 1198 2057 sunt
1224 1999 1296 2056 1111
1321 1999 1395 2058 deae

94 2100 197 2160 eiusdem
221 2100 321 2158 sociae
336 2099 499 2176 uxorisque
516 2098 646 2160 Saturni.
692 2100 817 2158 alteram
838 2101 1044 2176 quaestionem
1066 2101 1109 2160 sic
1130 2100 1229 2160 solvo:
1253 2102 1395 2177 quoniam

94 2201 166 2261 intot
184 2202 303 2272 aerarii,
325 2203 406 2278 quod
428 2203 485 2260 fuit
506 2203 537 2260 in
560 2202 633 2260 aede
657 2201 788 2274 Saturni,
816 2203 1149 2262 commemorationibus
1172 2212 1292 2279 praeter
1314 2205 1395 2262 solos

94 2320 131 2360 cos
149 2303 298 2365 Ciceronis
320 2304 413 2376 locos,
441 2305 550 2379 quibus
579 2305 615 2362 de
642 2302 785 2364 Caesaris
812 2305 942 2382 pecunia
967 2305 1005 2362 ad
1029 2305 1106 2382 Opis
1131 2305 1236 2364 relicta
1258 2307 1396 2377 traditur,

95 2405 155 2465 nulla
172 2407 246 2484 Opis
268 2405 358 2465 aedes
381 2416 638 2480 commemoratur,
665 2405 720 2464 hac
748 2407 816 2481 ipsa
842 2426 874 2465 re
897 2423 953 2466 nos
976 2407 1105 2480 edoceri,
1133 2407 1216 2466 illam
1239 2409 1395 2484 pecuniam

95 2524 137 2563 noo
158 2509 246 2567 fuisse
274 2507 442 2583 depositam
471 2509 500 2566 in
528 2510 602 2568 aede
628 2507 811 2569 Saturni-
831 2508 912 2568 ultra
939 2509 1060 2586 prodire
1087 2527 1166 2566 nunc
1191 2509 1310 2585 quidem
1336 2529 1396 2568 non

95 2605 165 2668 dator.
204 2628 376 2686 quanquam
399 2619 468 2669 sunt
489 2611 655 2687 dequibus
682 2612 786 2688 quaeri
809 2612 939 2689 amplius
965 2619 994 2670 et
1015 2610 1111 2687 possit
1133 2619 1164 2669 et
1186 2610 1292 2669 debeat
1313 2618 1343 2668 et
1365 2619 1397 2668 ut

95 2721 184 2782 praeter
216 2713 405 2789 opinationes
438 2713 540 2788 quaeri
572 2713 734 2790 aliquando
762 2713 860 2790 possit
887 2714 997 2772 factum
1026 2713 1063 2770 iri
1093 2730 1209 2789 sperem
1238 2713 1397 2770 eruderate

95 2813 182 2882 postica
202 2825 287 2892 parte
310 2815 393 2873 aedis
410 2813 531 2874 Saturni
554 2817 724 2892 montisque
741 2813 905 2893 Capitolini
920 2815 1026 2874 declivi
1048 2815 1079 2873 in
1101 2833 1166 2874 eam
1188 2823 1283 2891 parte.
1327 2833 1396 2872 nam

96 2917 189 2974 comsit
206 2918 299 2994 inepti
317 2916 446 2975 bominis
463 2918 583 2976 credere
603 2918 634 2975 in
652 2919 712 2978 ista
726 2917 829 2996 templi
847 2916 968 2979 Saturni
983 2924 1097 2994 crypta,
1120 2917 1151 2975 in
1166 2934 1256 2992 quam
1279 2925 1312 2973 tu
1334 2915 1396 2974 fere

96 3011 193 3091 despicis
208 3037 345 3095 quaeque
367 3037 444 3077 nunc
467 3020 523 3077 sub
546 3020 615 3078 divo
638 3021 697 3080 sita
710 3029 767 3092 est,
789 3021 936 3079 aerarium
958 3019 1060 3096 populi
1077 3018 1205 3076 Romani
1227 3018 1322 3078 fuisse
1344 3025 1397 3076 aut

97 3117 224 3180 olfecisse
242 3121 281 3179 ad
303 3121 476 3180 condendos
499 3129 598 3180 tantos
620 3123 786 3195 thesauros,
813 3130 859 3182 tot
880 3121 999 3180 tabulas
1021 3121 1199 3196 codicesque
1222 3120 1395 3198 opisthodo-

98 3231 147 3276 uon
165 3231 318 3298 angustam
341 3223 454 3298 templi,
477 3224 508 3282 in
529 3243 623 3300 eaque
642 3234 817 3300 quaestores
833 3225 1098 3302 quaestoriaeques
1121 3223 1237 3282 scribas
1260 3231 1396 3282 versatos

99 3333 158 3394 tace,
186 3343 258 3384 sane
292 3323 458 3384 aedilicium
494 3325 560 3384 aedi
594 3328 750 3386 continens
786 3337 834 3386 sat
861 3328 994 3405 amplum
1023 3326 1120 3384 adhuc
1150 3325 1301 3403 sepultum
1330 3341 1397 3384 esse

99 3415 182 3484 dixeris
204 3429 240 3486 ab
262 3445 359 3502 eoque
381 3429 534 3504 putaveris
556 3428 691 3506 potuisse
713 3429 834 3488 ascendi
857 3429 895 3487 ad
915 3429 993 3506 Opis
1016 3428 1119 3488 aedem
1142 3429 1173 3486 in
1195 3437 1295 3486 monte
1316 3427 1397 3504 posi·

99 3527 141 3579 111
158 3525 304 3604 ipsamque
318 3527 482 3589 condendis
498 3530 634 3607 publicae
656 3532 799 3607 pecuniae
818 3531 997 3608 quibusdam
1021 3531 1156 3607 partibus
1179 3537 1289 3605 aptam.
1334 3528 1397 3599 sed,

99 3631 123 3678 ut
138 3625 197 3702 diri,
224 3631 260 3689 11
282 3631 329 3688 111
354 3631 445 3691 11111
473 3633 662 3708 opinationes
684 3633 838 3693 effundere
864 3643 1023 3710 antequam
1046 3633 1144 3691 solum
1167 3637 1397 3708 pertemptatum

101 3721 130 3778 sit
147 3733 290 3808 nugatorie
319 3741 373 3791 est.
418 3743 459 3805 tu,
487 3735 532 3792 vir
557 3737 824 3811 praestantissime,
854 3736 922 3794 ride
949 3755 986 3794 an
1012 3734 1130 3793 interim
1158 3751 1224 3792 eam
1247 3731 1397 3808 quaestio·

100 3841 158 3898 nem,
174 3849 243 3907 quae
266 3841 314 3893 est
339 3835 375 3892 de
397 3836 566 3896 nominibus
593 3837 772 3914 templorum
796 3836 919 3898 Saturni
947 3849 977 3895 et
1000 3833 1087 3913 Opis,
1115 3853 1172 3910 ope
1197 3835 1398 3892 litteratorum

102 3940 327 3995 monumentorum
354 3937 456 4013 tuique
478 3939 636 3997 Arvalium
658 3939 855 4018 hemerologii
881 3946 933 3997 aut
955 3938 1096 3998 solverim
1123 3945 1176 3996 aut
1197 3936 1265 3996 aliis
1286 3935 1397 3995 rectius

100 4031 263 4096 tractaverim.
309 4039 385 4096 vale.

168 4151 226 4214 Dat.
240 4157 412 4236 Regimonti
428 4159 608 4220 Prussorum
624 4183 661 4220 m.
681 4161 768 4221 Febr.
785 4183 811 4220 a.
832 4161 920 4221 1875.

1118 4261 1158 4320 Η.
1174 4259 1313 4319 donnas.
