3516 5828
619 551 936 602 BRITANNICARVM.

115 721 157 782 54
178 725 249 820 (ins.
272 735 340 781 ante
363 743 391 782 n.
409 723 471 798 65).
517 723 592 801 Rep.
616 725 645 782 in
672 725 844 784 Cireaceater
866 745 892 782 a.
913 725 1000 782 1871.

682 965 860 1007 ffltvano

681 1066 859 1109 shnlnrvs

682 1165 858 1211 MAXlMVS

668 1222 873 1249 ..u-„s-

148 1395 193 1452 W.
210 1393 267 1451 Th.
285 1395 425 1452 Watkin
447 1394 590 1452 archoeol.
607 1394 706 1467 joura.
732 1395 781 1466 31,
808 1394 886 1452 1814
909 1414 936 1470 p.
955 1393 1023 1452 340.

1329 1529 1430 1540 ...-.--

112 1603 154 1660 Ad
174 1622 202 1661 n.
221 1601 360 1662 tta-71.
397 1602 491 1660 Tituli
514 1625 542 1661 n.
560 1603 598 1660 67
615 1611 644 1660 et
660 1603 698 1660 69
721 1611 879 1661 servantur
897 1622 976 1660 nunc
996 1605 1026 1661 in
1048 1619 1151 1661 musco
1168 1603 1310 1662 (lleveusi
1326 1603 1434 1678 (Glau-

147 1705 261 1780 cam),
289 1727 316 1763 n.
334 1704 381 1763 68.
405 1704 453 1762 70.
475 1705 509 1762 71
536 1705 566 1762 in
589 1723 691 1763 museo
714 1705 991 1763 Durocornovienai
1015 1704 1232 1781 (Comata),
1261 1714 1292 1764 ut
1318 1708 1434 1765 monuit

148 1807 192 1864 W.
215 1807 448 1866 Tin-Walter.

104 2017 152 2074 Ad
173 2037 202 2074 n.
222 2017 278 2076 74.
323 2017 441 2078 Servari
466 2019 596 2077 nuncin
625 2017 816 2082 Watercombc
844 2019 959 2090 Home,
987 2018 1107 2094 Biclay,
1131 2018 1176 2076 W.
1206 2019 1263 2076 Th.
1289 2019 1430 2077 Watlrin

144 2128 278 2178 testatur.

88 2327 149 2386 Ad
171 2349 199 2386 n.
218 2327 272 2388 75.
318 2329 407 2389 Vitae
430 2332 562 2408 spatium
585 2333 627 2389 ita
649 2332 773 2390 indicari
798 2341 902 2391 eontra
924 2350 1035 2390 morem

335 2543 432 2620 vicht)
455 2543 569 2620 aa(nic)
591 2543 661 2601 XX
678 2543 814 2620 m(enaae)
838 2543 863 2602 V
881 2543 971 2620 d(iea)
994 2543 1199 2603 XXXVIIII

140 2753 175 2811 F.
204 2753 407 2813 Buecheler
433 2757 462 2813 in
493 2773 622 2814 censura
649 2756 807 2814 voluminis
836 2754 898 2814 Vll
924 2757 1037 2815 inserta
1059 2755 1241 2832 cplremeridi
1264 2756 1426 2815 littorariae

61 2845 214 2913 lenensi
237 2877 264 2915 a.
290 2857 369 2916 1874
391 2876 419 2933 p.
437 2857 476 2915 46
500 2859 679 2928 observavit,
706 2877 795 2933 quam
823 2857 871 2916 hie
898 2858 989 2915 semel
1017 2857 1184 2916 accuratius
1211 2859 1321 2932 indico,
1348 2859 1427 2916 infra

56 2948 244 3016 interdum
269 2960 448 3016 memoraba.
494 2958 570 3020 Sunt
598 2960 671 3018 talia
693 2978 751 3017 non
779 2959 867 3018 nimis
896 2979 964 3017 rara
986 2979 1080 3036 neque
1108 2960 1240 3018 solemus
1262 2979 1299 3017 ea
1320 2979 1425 3018 curare

54 3058 183 3119 nimis
212 3061 329 3131 sedulo,
356 3063 533 3136 praesertim
561 3063 611 3120 ubi
635 3062 671 3120 dc
693 3062 821 3120 lectione
842 3079 901 3120 non
925 3063 1000 3120 satis
1023 3069 1151 3134 constat,
1174 3071 1207 3119 nt
1228 3061 1258 3118 in
1280 3062 1336 3120 hoc
1358 3063 1425 3137 ipso

49 3155 105 3213 ti
115 3161 189 3220 tulo.

49 3354 139 3427 55
162 3371 232 3446 (ins.
260 3383 330 3448 post
356 3393 384 3430 n.
403 3373 465 3448 77).
511 3373 610 3451 Prope
636 3374 751 3432 Briatol
778 3395 804 3432 a.
837 3375 915 3433 1873
949 3376 979 3433 in
1008 3375 1075 3432 loco
1103 3375 1242 3432 stationis
1270 3374 1423 3433 Romanae

137 3472 231 3530 <lictae
253 3473 298 3530 the
325 3472 384 3532 Sea
406 3475 500 3548 Mille,
527 3476 566 3534 ad
589 3477 696 3534 ilumen
721 3475 814 3548 Aeon,
837 3477 956 3535 circiter
978 3497 1016 3535 m.
1040 3495 1068 3551 p.
1095 3477 1132 3556 14
1154 3477 1192 3534 ab
1215 3477 1336 3554 oppido,
1359 3497 1421 3552 rep.

137 3583 180 3632 est
201 3575 399 3652 fragmentum
423 3578 512 3654 cippi.

740 3779 775 3852 >t

699 3909 800 3955 protome

710 3990 796 4038 paellae

835 4073 906 4120 aeuus

665 4170 841 4212 USPES⁶

662 4273 681 4315 C
714 4272 840 4314 SENTI

588 4331 922 4349 m

132 4490 286 4570 Descripsi
311 4511 349 4550 cx
372 4493 501 4570 imagine
522 4495 732 4572 photographa
753 4497 846 4556 missa
868 4517 894 4554 a.
919 4495 987 4555 Car.
1012 4495 1129 4571 Knight
1151 4496 1302 4554 Watson
1325 4507 1355 4555 et
1376 4496 1414 4554 H.

70 4574 128 4651 Μ.
152 4591 292 4653 Scarth.
338 4593 446 4654 Scarth
468 4597 610 4655 archaeol.
627 4598 727 4670 joarn.
752 4600 800 4670 31,
826 4598 905 4657 1874
927 4617 956 4674 p.
973 4599 1022 4656 41.

128 4694 170 4754 Ut
191 4696 270 4755 tituli
287 4698 346 4755 vol.
364 4697 476 4758 171158
500 4707 529 4757 et
547 4700 604 4758 134
627 4700 669 4758 ita
690 4701 739 4758 hio
754 4719 872 4776 quoque
888 4701 964 4760 falso
981 4700 1165 4759 anonnullis
1182 4718 1236 4776 pro
1252 4701 1415 4759 christiano

70 4779 204 4856 ¹subitus
220 4807 274 4856 est.
320 4798 436 4872 Puella,
459 4801 545 4860 cuius
568 4812 703 4877 protome
725 4803 792 4860 rudi
809 4823 898 4880 opere
914 4803 1056 4880 exculpta
1071 4810 1117 4862 eet
1138 4803 1169 4861 in
1192 4803 1271 4879 cippi
1293 4803 1414 4878 fastigio

70 4901 145 4956 luna
159 4919 225 4958 cum
242 4919 314 4959 cane
330 4909 360 4959 et
381 4902 464 4980 gallo
480 4903 688 4963 conlusoribus
704 4905 790 4976 olim,
807 4905 881 4980 Spes
904 4906 1032 4964 fortasse
1049 4905 1127 4963 diota
1142 4913 1189 4963 ost
1210 4922 1269 4962 non
1292 4905 1414 4980 proprio

69 5002 216 5074 homine,
244 5004 296 5060 sed
329 5011 431 5080 utpote
458 5005 569 5082 pupula
596 5008 714 5064 nomino
742 5007 839 5065 atlhuc
861 5027 966 5066 carens
993 5007 1132 5065 defuncta
1159 5023 1229 5082 spes
1257 5013 1412 5080 parentum

70 5103 217 5177 vocatur,
240 5113 273 5163 ut
295 5105 367 5164 alibi
391 5107 520 5167 infantes
544 5109 652 5166 mortui
675 5107 799 5168 deliciae
822 5110 1012 5187 appellantur
1034 5117 1063 5166 et
1085 5108 1153 5166 aliis
1176 5107 1337 5165 eiusmodi
1360 5127 1412 5164 vo-

67 5203 208 5264 canulis.
