3488 5828
342 525 416 598 238
934 549 1081 600 aonuxn

344 738 421 794 quae
443 719 508 796 ipse
523 729 647 797 urgente
663 721 776 779 reditus
799 729 932 799 tempore
954 721 1159 799 pervestigare
1174 739 1233 780 non
1249 739 1379 796 possem,
1403 720 1587 796 anquireret.
1634 719 1682 776 cui

343 811 492 880 desiderio
518 842 585 881 meo
611 823 659 880 vir
685 824 816 900 optimus
843 823 940 881 noluit
966 823 1081 882 deesse.
1125 824 1244 882 iuterim
1267 833 1298 882 ut
1320 823 1356 881 de
1378 823 1455 882 locis
1477 821 1592 898 quibus
1615 820 1684 878 inde

343 925 382 981 ab
404 942 483 982 anno
509 923 587 982 1870
611 925 689 984 tituli
711 926 824 984 inventi
847 936 946 984 essent
968 945 1056 1002 quam
1085 926 1262 1003 plenissime
1284 935 1436 984 constaret
1459 927 1552 982 Acta
1578 941 1682 979 mauu

343 1027 485 1102 scripta
519 1028 639 1086 excussi
668 1047 687 1084 a
712 1028 843 1105 Iosepho
876 1027 1019 1086 Fiorellio
1051 1029 1259 1086 liberalissime
1290 1029 1363 1085 mihi
1393 1027 1430 1084 ad
1464 1025 1682 1084 excutiendum

342 1146 494 1187 concessa.
539 1139 609 1188 sunt
630 1129 780 1205 bipertita,
807 1131 949 1188 continua
970 1141 998 1188 et
1020 1130 1267 1202 extraordinaria,
1296 1131 1354 1188 hoc
1376 1128 1488 1187 indice:
1532 1129 1683 1204 Rupporti

344 1233 520 1289 8811188811
542 1231 625 1307 (item
646 1232 863 1308 atraordinurii)
886 1233 963 1291 dello
979 1234 1042 1291 real
1062 1235 1319 1309 sopraintcndenza
1336 1251 1392 1308 per
1411 1232 1453 1307 qli
1474 1235 1558 1289 scaci
1580 1232 1612 1288 di
1631 1249 1681 1288 aa·

345 1334 443 1391 11811111
464 1353 478 1392 8
500 1337 631 1393 custodia
658 1337 704 1393 dei
729 1339 897 1393 monumenti
918 1335 996 1393 della
1019 1339 1171 1410 prouincia
1193 1337 1224 1392 di
1243 1335 1345 1392 Roma.
1390 1335 1539 1410 incipiunt
1562 1335 1643 1391 Acta
1664 1353 1682 1389 a

344 1454 383 1492 m.
406 1435 470 1493 Ian.
495 1456 522 1494 8.
547 1437 639 1495 1872:
663 1458 722 1495 non
746 1445 850 1495 extant
872 1438 941 1495 anni
967 1436 1046 1494 1874
1068 1438 1210 1496 continua
1231 1436 1434 1513 (settimaaali)
1456 1445 1580 1512 praeter
1603 1454 1681 1493 men-

343 1537 419 1596 sium
447 1538 512 1596 Iau.
542 1538 630 1600 Febr.
662 1540 749 1597 Mart.
781 1539 901 1615 (ultima
930 1551 1001 1598 sunt
1030 1538 1204 1615 tartare).
1252 1539 1357 1597 ultima
1386 1539 1495 1615 quibus
1522 1538 1568 1595 uti
1599 1537 1681 1595 licuit

341 1640 532 1718 pertinebant
558 1641 596 1698 ad
625 1642 641 1699 7
665 1641 744 1700 Nou.
771 1642 860 1700 1875.
878 1641 1039 1700 -deinde
1065 1641 1186 1700 domum
1213 1659 1350 1700 reversus
1377 1662 1394 1698 e
1422 1650 1508 1699 sexto
1533 1638 1679 1715 Corporis

342 1742 571 1820 inscriptionum
600 1743 751 1802 volumine
779 1745 918 1819 excerpsi
947 1761 1151 1820 quaecumque
1184 1755 1236 1802 aut
1262 1744 1351 1803 certis
1385 1751 1436 1800 aut
1468 1741 1679 1820 probabilibus

342 1845 523 1904 testimoniis
552 1846 590 1903 ad
618 1847 716 1904 sorum
746 1847 960 1905 referebantur.
1003 1865 1064 1921 quo
1090 1846 1168 1903 facto
1199 1846 1340 1923 sponderi
1369 1853 1468 1920 potest
1494 1863 1602 1902 eorum
1631 1845 1679 1920 qui

343 1947 413 2006 inde
435 1948 473 2006 ab
495 1967 573 2007 anno
598 1949 729 2008 187011
752 1949 818 2007 1111
840 1949 949 2026 reperti
973 1957 1043 2006 sunt
1064 1948 1219 2006 titulorum
1242 1949 1294 2006 rix
1324 1967 1414 2006 unum
1442 1948 1613 2006 alterumve
1635 1965 1680 2004 ure

343 2049 473 2126 fugisse3
503 2051 539 2109 de
565 2051 608 2110 eis
636 2051 688 2126 qui
710 2059 800 2109 antea
822 2051 862 2109 ibi
886 2051 1034 2109 eruderati
1057 2058 1127 2122 sunt
1148 2059 1266 2126 praeter
1288 2051 1470 2126 sepulcrales
1491 2069 1549 2108 nec
1572 2048 1679 2106 multos

343 2171 397 2210 nec
429 2154 578 2229 gravioris
612 2152 761 2230 ponderis.
811 2171 992 2228 quamquam
1026 2154 1179 2212 sciendum
1212 2162 1259 2212 est
1291 2173 1387 2229 neque
1419 2153 1506 2211 annis
1547 2151 1679 2210 181788.

345 2253 479 2316 183188.
506 2254 584 2314 1849
608 2255 712 2315 81188
734 2253 834 2314 Sartio
858 2253 976 2314 Canina
997 2255 1066 2314 aliis
1089 2255 1164 2314 satis
1191 2265 1329 2314 accurate
1355 2255 1392 2313 de
1414 2253 1540 2313 minimo
1563 2271 1679 2330 quoque

344 2356 627 2417 11181111111181818
655 2358 781 2417 relatum
805 2375 872 2416 esse
895 2357 982 2432 (quid
1005 2357 1084 2432 quod
1107 2377 1143 2416 ne
1165 2357 1201 2417 de
1223 2358 1410 2433 publicorum
1433 2356 1558 2432 quidem
1578 2374 1681 2413 monu-

344 2468 511 2520 mentorum
534 2459 719 2537 quorundam
742 2461 915 2538 fragmentis
938 2461 1107 2535 ingentibus
1123 2461 1283 2536 quicquam
1306 2461 1378 2518 certi
1399 2459 1577 2517 adnotatum
1598 2477 1680 2533 repe·

344 2563 431 2639 11111)
454 2573 484 2621 81
504 2564 597 2622 181818
618 2563 649 2621 11
672 2561 798 2623 schedis
815 2560 959 2636 Corporis
981 2562 1219 2638 inscriptionum,
1240 2581 1318 2638 quae
1340 2563 1379 2620 ad
1401 2561 1521 2636 reliqua
1543 2559 1678 2620 Urbana·

344 2685 409 2724 rum
433 2666 584 2725 volumina
605 2665 760 2724 condenda
781 2684 860 2722 nunc
882 2665 1082 2722 cummaxime
1104 2665 1135 2722 in
1153 2665 1287 2723 ordinent
1310 2665 1493 2740 rediguntur,
1518 2681 1598 2738 quae
1621 2662 1678 2719 illis

344 2767 421 2845 ipsis
444 2787 519 2844 quos
542 2769 605 2827 dixi
628 2768 715 2826 annis
738 2768 769 2825 in
791 2769 857 2826 foro
879 2777 999 2844 reperta
1020 2768 1088 2826 sint.
1133 2767 1186 2844 sed
1202 2787 1277 2844 quae
1300 2785 1379 2824 nunc
1401 2766 1632 2842 composuimus
1646 2783 1678 2820 ea

344 2871 504 2948 supplendi
531 2871 578 2928 vel
605 2869 771 2946 corrigendi
800 2870 925 2927 materia
954 2870 980 2927 si
1010 2869 1136 2927 subinde
1165 2874 1347 2928 succreuerit
1377 2887 1465 2927 nemo
1495 2868 1677 2944 gravabitur,

345 2973 506 3033 dummodo
532 2974 606 3032 haec
633 2983 738 3031 nostra
763 2971 918 3030 conferant
943 2971 981 3029 ad
1003 2972 1209 3030 illustrandam
1235 2972 1293 3030 fori
1314 2972 1431 3030 romani
1454 2969 1624 3029 historiam.
1639 3001 1675 3013 -

347 3077 513 3155 tegularum
536 3076 756 3153 inscriptiones,
779 3087 812 3132 ut
833 3094 912 3132 nunc
934 3091 982 3132 res
1001 3081 1057 3147 est,
1080 3093 1223 3152 seponere
1238 3075 1336 3133 visum
1351 3083 1410 3132 est:
1434 3092 1488 3131 nec
1513 3087 1586 3131 suut
1607 3072 1674 3130 mul·

345 3187 393 3237 tae
415 3189 559 3256 quantum
582 3179 685 3237 scium.
729 3177 765 3234 de
781 3177 946 3252 potioribus
969 3177 1048 3234 infra
1069 3196 1125 3236 suo
1148 3177 1214 3236 loco
1233 3177 1354 3235 dictum.
1372 3209 1409 3218 -
1426 3176 1557 3250 denique
1574 3192 1671 3231 moneo

344 3299 404 3339 non
433 3280 584 3340 nullarum
610 3279 839 3356 inscriptionum
870 3279 962 3336 verba
991 3279 1121 3356 integra,
1153 3279 1235 3338 velut
1260 3279 1408 3337 fastorum
1434 3278 1622 3354 publicorum
1647 3285 1670 3330 et

344 3399 507 3452 sacrorum,
536 3381 740 3458 inscriptionis
763 3380 953 3450 Duellianac,
983 3381 1136 3439 titulorum
1165 3381 1314 3458 virginum
1338 3379 1519 3451 Vestalium,
1548 3398 1593 3437 mc
1619 3395 1665 3433 non

344 3485 543 3561 exscripsisse
566 3485 604 3544 ob
626 3502 736 3543 causas
758 3491 982 3554 consentaneas,
1010 3484 1040 3540 in
1069 3492 1232 3542 ceterarum
1255 3490 1339 3542 textu
1361 3481 1573 3540 constituendo
1593 3497 1664 3557 prae

343 3594 389 3645 ter
411 3605 522 3663 paucas
545 3597 578 3646 ut
600 3607 655 3664 par
676 3594 741 3645 erat
762 3593 897 3643 secutum
920 3603 987 3644 esse
1011 3583 1155 3662 Corporis
1178 3586 1319 3644 editores.

429 3687 490 3750 Sed
516 3709 593 3766 quae
620 3709 658 3748 ex
685 3690 733 3747 his
760 3689 856 3763 copiis
878 3687 915 3744 ad
942 3689 1171 3766 topograplriam
1195 3688 1255 3747 fori
1276 3690 1392 3746 roma-ni
1414 3687 1586 3744 accuratius
1606 3704 1660 3742 ena·

343 3791 499 3850 cleandam
526 3792 605 3850 effici
634 3809 723 3867 posse
753 3791 912 3849 videantur
940 3808 1088 3867 exponam
1120 3791 1262 3868 bipertito
1295 3789 1522 3847 commentario:
1552 3787 1678 3864 primum
1725 3865 1727 3876 ⁴

344 3895 422 3952 eninr
450 3893 598 3969 agendum
624 3902 671 3950 881
697 3893 732 3951 de
757 3892 953 3950 effossionum
976 3925 1016 3935 -
1036 3893 1124 3951 118881
1149 3892 1227 3950 enim
1255 3891 1297 3950 uti
1324 3891 1472 3949 vocabulo
1496 3892 1692 3964 81111111)-

343 3996 433 4053 timae
456 3996 562 4053 aetatis
585 4004 615 4052 81
638 3993 794 4052 commodo
819 4027 856 4036 —
881 3995 1063 4070 temporibus
1086 3994 1230 4070 locisque,
1253 3993 1360 4051 deinde
1382 3993 1419 4050 de
1442 3993 1520 4069 ipsis
1542 3992 1596 4050 fori
1611 4010 1703 4048 mo·

343 4098 494 4156 numentis
516 4114 679 4172 eorumque
700 4096 771 4154 fatis
794 4104 939 4172 quatenus
962 4096 1009 4154 his
1032 4095 1245 4154 effossionibus
1269 4095 1468 4154 illustrantur.

747 4389 1273 4486 COMMENTARIVS.

703 4600 732 4674 I.
785 4601 948 4675 Annales
975 4599 1213 4675 effossionem
1240 4600 1322 4673 fori.

429 4812 532 4870 Pauca
552 4809 717 4886 praefanda
740 4819 810 4867 sunt
832 4809 867 4868 de
890 4809 947 4866 fori
969 4809 1086 4867 romani
1109 4809 1210 4866 habitu
1234 4807 1302 4866 inde
1325 4827 1344 4864 8
1366 4809 1490 4867 8888111
1505 4805 1675 4866 duodecimo

345 4931 438 4989 usque
461 4915 499 4972 ad
521 4911 668 4970 decimum
691 4913 826 4987 quintum
851 4911 963 4970 sensim
986 4919 1110 4982 mutato,
1133 4911 1251 4986 quade
1273 4929 1305 4967 re
1327 4909 1464 4987 pluribus
1480 4911 1585 4969 dictum
1601 4902 1666 4964 olim

346 5015 479 5092 Topogr.
496 5014 524 5086 2,
542 5014 602 5072 480
615 5033 654 5072 88.
680 5015 769 5092 igitur
792 5021 861 5089 post
876 5013 990 5070 dirutus
1011 5032 1057 5070 aa.
1076 5010 1164 5070 1221.
1185 5011 1263 5071 1157
1279 5011 1304 5070 F
1307 5013 1515 5090 rangipauium
1538 5012 1658 5070 aliorum·

345 5135 402 5192 que
430 5118 611 5175 munitiones
639 5115 680 5190 (v.
705 5116 910 5192 Gregorovius
935 5115 1054 5184 4,376,
1084 5116 1117 5187 5,
1135 5115 1223 5189 316),
1254 5114 1374 5190 quibus
1390 5116 1519 5191 spatium
1545 5101 1649 5171 interS·
1720 5079 1727 5148 l

344 5219 469 5277 Mariam
492 5218 705 5276 Liberatricem
729 5229 757 5277 et
783 5218 925 5296 templum
949 5217 1111 5275 Faustinae
1144 5225 1322 5294 occupatum
1351 5217 1447 5276 fuisse
1475 5217 1574 5275 videor
1597 5203 1647 5270 uili
