3516 5828
406 509 540 563 sunau.
562 510 665 562 cous.
684 510 791 560 naor.
810 511 860 561 nn
879 509 1084 562 oraremus.
1337 492 1405 562 157

163 682 379 760 Supplementa
396 701 473 759 quae
494 683 642 759 adscripsi
665 693 734 742 sunt
750 683 811 741 sere
825 683 1004 742 l’errotiana
1026 683 1160 760 exceptis
1183 685 1220 744 iis
1243 685 1279 742 de
1300 685 1408 761 quibus

75 787 152 847 inira
174 787 285 844 monui.
323 785 488 844 Videamus
511 794 609 844 autem
632 785 760 863 primum
783 786 820 844 de
843 785 1051 858 sollemnibus,
1074 785 1180 844 deinde
1203 787 1239 846 de
1262 787 1408 864 personis,

56 889 205 964 -denique
227 889 263 947 de
284 888 353 964 ipsa
375 907 416 947 re.

156 990 229 1048 V.l
264 990 408 1048 Perrotus
437 989 482 1065 [S.
507 1010 529 1049 c.
553 993 587 1048 de
613 991 788 1068 condthiore
820 989 1024 1066 ericeuorura
1053 1010 1113 1050 non
1138 999 1232 1062 recte;
1265 991 1295 1049 id
1329 993 1409 1051 enim

76 1092 254 1151 vocabulum
281 1111 335 1168 por
362 1112 377 1151 c
403 1093 590 1150 scribendum
619 1093 684 1151 t'uit.
728 1093 824 1152 immo
853 1095 884 1152 in
911 1105 1018 1170 ectypo
1045 1093 1117 1152 mihi
1144 1093 1238 1152 misso
1266 1113 1332 1152 cum
1361 1094 1412 1152 dee

75 1195 282 1273 prehenderim
320 1209 534 1267 rsrvuarroue,
560 1204 641 1252 certo
660 1195 788 1254 efficitur
811 1195 904 1254 luisse
925 1195 955 1254 in
978 1195 1077 1272 lapide
1100 1194 1128 1270 [s
1141 1224 1147 1240 ·
1161 1211 1267 1254 ope·
1282 1195 1410 1271 elosrv-

77 1313 218 1369 sartores,
240 1314 299 1372 qno
323 1297 423 1355 hiatus
446 1297 523 1356 iuste
546 1298 692 1374 expletur.
737 1294 881 1356 Similiter
904 1305 1028 1356 senatus
1049 1297 1218 1356 consultum
1235 1297 1410 1358 Africanum

75 1400 214 1478 supparis
240 1399 347 1457 aetatis
373 1399 477 1475 incipit
499 1399 641 1474 s(eaatus)
665 1399 850 1476 c(oasultum)
866 1401 900 1458 de
915 1401 1052 1458 euridicis
1075 1399 1166 1458 saltus
1181 1399 1341 1476 Repuensis
1358 1443 1364 1458 .
1380 1442 1408 1458 ..

75 1504 244 1577 descriptam
266 1511 294 1558 et
314 1505 485 1578 reacquitari
507 1509 574 1572 cet,
605 1501 801 1578 videnturque
829 1501 975 1560 eiusmodi
998 1502 1250 1579 praescriptiones
1273 1502 1310 1560 ab
1334 1503 1408 1560 anti-

76 1606 179 1680 quiore
208 1605 423 1662 consuetudine
451 1604 645 1662 abhorrentes
675 1604 732 1662 hac
759 1611 855 1662 aetate
882 1605 960 1662 inter
987 1604 1147 1663 sollemnia
1173 1613 1310 1680 receptae
1333 1623 1408 1664 esse.

76 1707 121 1763 Eo
144 1706 263 1764 nornine
287 1715 384 1764 autem
407 1705 549 1764 differunt
564 1707 623 1765 duo
645 1706 719 1764 haec
742 1706 1029 1776 senatusconsulta,
1051 1707 1131 1782 quod
1154 1708 1269 1783 petitio,
1292 1707 1328 1764 de
1351 1725 1411 1782 qua

76 1816 199 1866 senatus
222 1807 364 1879 decernit,
392 1809 422 1866 in
445 1808 590 1867 Africano
621 1809 786 1866 secundum
808 1826 896 1867 usum
924 1809 1079 1884 antiquum
1102 1809 1132 1865 in
1154 1809 1253 1886 ipsum
1277 1818 1410 1868 tenorem

78 1909 207 1969 consulti
228 1921 379 1986 receptum
403 1921 463 1968 est:
488 1912 565 1986 quod
578 1952 585 1967 .
598 1952 625 1968 ..
643 1910 770 1969 consules
791 1911 876 1968 uerba
891 1913 1022 1987 secarunt
1040 1912 1073 1968 de
1096 1911 1236 1969 desiderio
1257 1914 1411 1970 amicorum

77 2012 176 2071 Lucili
190 2010 329 2086 Africani
351 2031 375 2072 c.
397 2032 435 2084 u.,
458 2016 509 2088 qui
527 2022 635 2088 petunt,
659 2021 690 2069 ut
703 2023 769 2084 cet,
792 2013 822 2070 in
839 2013 954 2070 Asiano
976 2013 1033 2071 hoc
1052 2013 1222 2072 consultum
1243 2013 1410 2089 praecedit:

78 2119 127 2190 qui
150 2117 256 2185 dicant,
284 2125 317 2173 ut
342 2123 398 2174 cet.
441 2113 516 2174 Inde
545 2113 617 2173 iteni
644 2113 814 2189 explicatur
841 2133 916 2191 quae
939 2115 1002 2173 sine
1024 2133 1116 2175 cansa
1137 2115 1294 2174 Perrotum
1317 2115 1412 2174 offen·

78 2217 120 2276 dit
148 2217 297 2294 particula
329 2227 359 2276 ut
393 2227 464 2294 post
490 2216 608 2275 dicendi
635 2215 827 2286 vocabulum;
854 2235 890 2274 ea
915 2217 992 2275 enim
1015 2217 1149 2296 legitima
1171 2227 1226 2290 est,
1248 2218 1299 2276 ubi
1321 2218 1352 2277 id
1374 2218 1412 2276 ed

77 2319 197 2378 iubendi
224 2318 381 2396 petendive
410 2318 656 2396 significationem
685 2317 829 2390 deflectit,
862 2327 894 2376 ut
918 2319 1048 2398 exempli
1077 2337 1170 2380 causa
1194 2321 1305 2396 legitur
1332 2321 1411 2398 apud

77 2429 228 2480 auctorem
251 2421 290 2478 ad
312 2420 383 2479 Her.
408 2421 437 2494 4,
455 2421 504 2494 50,
522 2421 574 2480 63:
598 2425 623 2479 ei
645 2423 713 2478 dicit
734 2425 763 2478 ia
786 2439 883 2479 aaran
905 2432 937 2479 ut
956 2423 1033 2480 dorni
1055 2422 1150 2492 lectuli
1171 2431 1342 2481 sternantur.

160 2522 417 2599 Praescriptiouis
440 2525 541 2599 capita
563 2523 623 2580 duo
645 2541 722 2599 quae
745 2533 910 2598 sequuntur
932 2523 962 2580 in
982 2524 1127 2583 Africano
1150 2524 1186 2582 de
1209 2525 1411 2600 descriptione

77 2635 105 2684 et
132 2625 350 2701 recognitione,
379 2625 449 2684 item
478 2625 515 2682 de
540 2625 609 2684 loco
642 2633 762 2683 senatus
793 2625 922 2683 consulti
954 2626 1024 2684 facti
1058 2627 1089 2684 in
1119 2623 1270 2701 Cyzicena
1297 2627 1413 2685 omissa

77 2738 154 2786 sunt.
200 2724 372 2802 Sequuntur
393 2727 424 2785 in
441 2737 566 2803 utroque
583 2727 704 2785 nomina
724 2745 825 2784 eorum
849 2728 898 2802 qui
922 2727 1079 2787 scribendo
1095 2727 1263 2800 adfuerunt,
1286 2728 1411 2786 habent·

77 2848 134 2905 que
156 2829 216 2888 duo
239 2841 361 2887 senatus
384 2829 520 2888 consulte
542 2829 598 2886 hoc
620 2829 784 2906 proprium,
813 2830 892 2904 qnod
919 2829 949 2886 in
972 2839 1098 2905 utroque
1120 2830 1298 2889 adhibentur
1320 2839 1412 2889 testes

77 2932 204 3006 septeni,
233 2931 262 2988 in
289 2931 337 2989 his
365 2939 464 2989 autem
491 2931 554 2988 bini
582 2940 717 2988 extremo
745 2930 811 2987 loco
839 2931 981 2989 nominati
1010 2941 1186 3007 quaestores
1208 2940 1287 2990 sunt.
1331 2929 1411 2990 Nam

78 3033 154 3108 quod
179 3032 397 3091 Wilmannsius
424 3051 490 3091 cum
519 3032 593 3090 illud
616 3032 723 3090 edebat
749 3045 827 3090 recte
855 3033 885 3090 in
908 3035 1021 3091 incerto
1046 3034 1169 3110 reliquit
1192 3035 1234 3110 (p.
1252 3033 1337 3109 277),
1360 3033 1412 3092 ille

77 3153 218 3193 numerus
241 3143 340 3192 utrum
364 3137 449 3194 casui
473 3135 647 3194 tribuendus
676 3135 715 3194 sit
741 3153 779 3192 an
803 3135 968 3192 communis
997 3136 1048 3194 lex
1076 3135 1112 3194 de
1142 3145 1256 3212 septem
1284 3135 1412 3196 testibus

78 3236 255 3295 adhibendis
283 3256 318 3295 ea
345 3245 441 3294 aetate
470 3238 508 3295 ad
536 3239 603 3314 ipsa
626 3244 749 3295 senatus
772 3237 911 3295 consulta
940 3238 1171 3314 pervenerit,id
1194 3248 1264 3315 post
1285 3239 1412 3296 alterum

78 3338 243 3398 consultum
278 3339 428 3413 prolatum
462 3339 522 3397 iam
555 3339 673 3398 videtur
705 3340 747 3398 ita
776 3339 979 3412 diiudicatum,
1011 3349 1043 3398 ut
1076 3341 1149 3398 haec
1181 3342 1329 3400 sententia
1361 3341 1414 3399 ob·

79 3441 207 3500 tinuerit.

160 3543 208 3602 De
230 3545 442 3620 quaestoribus
466 3551 564 3603 autem
581 3545 661 3622 quod
683 3545 748 3620 ipse
764 3543 826 3602 dixi
849 3545 869 3603 l.
886 3565 910 3604 c.
928 3565 957 3621 p.
974 3543 1045 3618 283,
1069 3545 1187 3623 egregie
1210 3546 1266 3604 hoc
1282 3545 1413 3603 secundo

79 3645 214 3704 consulto
242 3647 443 3706 confirmatur.
487 3645 652 3723 Perpetem
667 3646 813 3705 Perrotus
835 3647 965 3706 litteram
988 3647 1172 3723 singularem
1195 3665 1288 3724 aqua
1310 3646 1414 3724 incipit

81 3767 108 3806 v.
126 3749 161 3806 11
181 3765 221 3820 Q,-
244 3749 321 3824 quod
343 3749 513 3826 significare
536 3749 592 3807 sibi
615 3750 780 3825 persuasit3
802 3767 871 3808 nam
887 3768 982 3826 neque
998 3750 1144 3808 eiusmodi
1160 3749 1274 3807 notatio
1297 3757 1417 3826 recepta

81 3857 125 3908 est
152 3869 206 3908 nec
234 3861 313 3909 reete
340 3852 384 3910 sic
410 3851 546 3928 procedit
572 3853 684 3922 oratio,
716 3871 782 3910 cum
815 3851 962 3928 particule
989 3852 1065 3927 qaod
1090 3851 1132 3909 ita
1159 3850 1248 3927 plane
1275 3849 1415 3909 abundet.

81 3950 216 4010 Ceterum
244 3953 361 4012 cautius
388 3953 419 4010 in
446 3963 569 4012 senatus
599 3953 736 4012 consulto
760 3953 902 4011 Africano
928 3953 1029 4010 littera
1051 3953 1219 4028 quinique
1241 3971 1343 4010 eorum
1365 3953 1416 4028 qui

79 4064 228 4130 postremo
255 4055 323 4113 loco
349 4055 541 4114 nominantur
569 4055 720 4132 adscripta
749 4062 796 4112 est
821 4073 909 4130 quam
937 4055 1028 4113 semel
1056 4055 1177 4130 ponitur
1202 4055 1232 4112 in
1256 4051 1414 4129 Cyzicena,

80 4174 143 4214 cum
166 4156 208 4212 ita
231 4175 268 4214 ex
291 4157 348 4215 hoc
370 4157 437 4233 ipso
459 4176 518 4215 non
542 4167 697 4234 appareat,
720 4167 817 4216 utrum
840 4166 973 4234 quaestor
993 4157 1151 4232 legendum
1174 4155 1212 4214 sit
1232 4173 1269 4214 an
1285 4164 1414 4232 quaesto-

80 4275 123 4316 res
144 4267 175 4316 et
196 4257 253 4316 hoc
274 4259 375 4335 posito
397 4267 546 4335 quatenns
569 4259 695 4334 pluralis
718 4261 745 4318 is
767 4259 930 4335 perveniat.

160 4359 223 4418 lam
247 4360 391 4418 subicitur
413 4361 535 4431 relatio,
563 4360 600 4419 de
615 4379 675 4437 qua
697 4368 820 4420 senatus
844 4361 989 4432 decrevit3
1012 4360 1065 4420 sed
1088 4361 1200 4420 recedit
1222 4379 1258 4419 es
1280 4380 1298 4419 a
1318 4362 1416 4420 forma

81 4471 230 4522 consueta.
275 4459 396 4522 Scilicet
425 4481 492 4520 cnm
520 4471 643 4522 senatus
667 4464 837 4523 consultum
859 4463 989 4540 incipere
1016 4464 1111 4522 soleat
1137 4482 1156 4522 a
1181 4463 1328 4524 relatione
1353 4484 1416 4523 rna·

81 4565 260 4640 gistratuum
288 4566 380 4640 (quod
401 4565 529 4624 consules
550 4565 635 4623 uerba
650 4566 807 4641 jecerunt),
834 4573 1000 4642 sequantur
1028 4565 1192 4625 sententiae
1218 4567 1261 4624 ita
1283 4574 1417 4625 contrac-

87 4683 140 4738 ae,
176 4673 208 4724 ut
246 4666 432 4744 singularum
465 4667 575 4725 montio
606 4667 691 4726 nulla
717 4669 783 4740 fiat,
819 4667 872 4726 sed
901 4686 1017 4726 summa
1045 4689 1100 4745 per
1126 4669 1224 4746 capita
1250 4667 1419 4727 declaretur

88 4767 163 4842 (cum
184 4767 238 4825 illa
260 4771 301 4828 ita
323 4786 353 4826 aa
376 4769 536 4844 haberent),
559 4769 688 4846 denique
712 4771 811 4828 veniat
832 4770 931 4847 ipsum
954 4769 1105 4828 decretum
1129 4769 1264 4846 (placere
1282 4770 1417 4844 senatui),

88 4869 136 4927 hic
157 4889 174 4926 e
196 4871 347 4929 contrario
370 4871 496 4930 refertur
518 4881 635 4947 praeter
657 4872 763 4944 locum,
792 4889 851 4948 qno
878 4873 951 4930 haec
972 4873 1108 4948 quaestio
1132 4890 1168 4929 eo
1190 4871 1237 4930 die
1258 4872 1288 4930 in
1311 4879 1418 4931 senatu

87 4979 214 5030 tractata
235 4983 289 5042 est,
317 4974 467 5032 sententia
494 4973 558 5032 eius
585 4973 636 5050 qui
663 4974 778 5051 primus
804 4975 955 5034 censuerit
976 4974 1083 5049 cuique
1104 4973 1260 5048 probabile
1283 4980 1329 5032 est
1350 4973 1418 5032 reli·

87 5092 162 5149 quos
178 5074 360 5133 adsensisse.
385 5072 562 5151 Comparari
577 5084 717 5152 poterunt
729 5076 921 5152 municipalia
932 5075 1050 5136 decreta
1061 5074 1207 5152 quaedam
1220 5074 1262 5150 (r.
1276 5074 1418 5134 Huebner

88 5175 124 5234 de
146 5185 269 5237 senatus
295 5175 458 5254 populique
479 5177 517 5236 R.
540 5178 615 5237 actis
637 5198 667 5256 p.
684 5175 753 5254 27),
780 5179 912 5238 maxime
940 5177 1150 5256 Tergestinum
1174 5175 1277 5235 vol.V
1300 5197 1328 5235 n.
1346 5175 1417 5248 532,
