3516 5828
350 445 422 516 106
782 460 1083 514 anntnamsnnvu
1113 464 1195 514 von.
1215 465 1244 513 11

348 656 383 695 eu
404 635 530 712 omniul)
554 638 675 696 eiusdem
697 639 868 694 condicionis
890 647 981 694 essent
1002 640 1080 696 ouius
1103 649 1167 695 antu
1181 639 1325 712 fuissent:
1350 639 1544 714 adiectumque
1566 643 1628 710 ius,
1656 651 1687 698 ut

348 750 374 798 et
403 739 517 808 limites,
546 741 579 796 id
606 749 647 796 est
674 739 820 795 decumani
849 747 875 796 et
902 719 1047 808 cardines,
1077 743 1170 814 operti
1193 740 1301 814 populo
1330 751 1437 810 essent,·
1466 740 1536 800 item
1560 738 1687 800 Siculus

348 841 476 900 Flaccus
499 861 527 916 p.
547 840 683 911 157,11:
706 851 835 898 auctores
858 841 1004 898 divisionis
1026 843 1292 917 odsiqnobonisquc
1314 843 1388 918 leqes
1410 843 1551 918 quosdam
1574 844 1686 902 colonis

348 945 521 1012 describunt,
547 952 579 999 ut
604 942 646 1018 [et
671 942 769 1016 eodm]
796 945 847 1017 qui
871 946 936 1017 apri
962 946 1056 1002 sacris
1079 942 1188 1018 [sacris
1210 943 1328 1019 addidi]
1352 944 1477 1002 delubris
1498 947 1686 1021 sepulcrisve,

345 1046 525 1124 publicisque
546 1045 616 1103 solis
638 1047 760 1114 itineris,
783 1047 855 1113 vioe,
877 1053 967 1115 octus,
990 1044 1111 1103 ambitus
1133 1046 1289 1120 ductusque
1310 1063 1452 1121 equarum
1474 1046 1563 1122 [quae
1587 1049 1686 1125 publi·

348 1149 392 1207 cis
415 1147 520 1222 delevi]
543 1147 712 1206 utilitatibus
735 1148 882 1204 servierint
902 1147 943 1203 od
963 1147 996 1204 id
1015 1165 1104 1222 usque
1120 1157 1238 1222 ternpus,
1260 1167 1315 1223 quo
1331 1152 1397 1224 oqri
1411 1150 1563 1208 divisiones
1573 1153 1688 1227 fierent,

349 1255 380 1308 iu
402 1251 498 1308 eodem
520 1250 680 1308 condicione
707 1259 878 1324 essentque
899 1258 964 1306 onte
986 1247 1171 1324 [interced]
1192 1252 1321 1325 ficerunt,
1348 1269 1400 1310 nec
1425 1255 1578 1328 quicquum
1605 1253 1690 1328 utili-¹

349 1353 454 1410 tutibus
473 1351 598 1427 publicis
621 1352 837 1426 deroqoueruut.
882 1348 938 1408 His
961 1359 1099 1409 accurate
1121 1351 1303 1429 respondent
1323 1352 1400 1428 legis
1421 1355 1520 1428 capita
1533 1354 1605 1424 duo,
1629 1374 1688 1412 neo

348 1453 457 1512 limites
484 1453 524 1511 ibi
552 1451 767 1511 desiderantur.
812 1451 860 1509 De
885 1471 918 1510 re
944 1451 1140 1511 conferendus
1168 1460 1215 1512 est
1236 1453 1411 1514 Rudorifius
1437 1455 1563 1513 institut
1587 1474 1687 1532 grom.

350 1575 379 1632 p.
397 1554 466 1613 398.
489 1555 560 1613 400.

203 1663 344 1713 Pecuniam
434 1657 463 1715 3.
506 1657 560 1714 Ius
587 1656 729 1732 pecunias
756 1656 894 1733 publicae
920 1656 1036 1715 dandae
1064 1657 1269 1716 attribuendae
1302 1658 1381 1734 apud
1414 1658 1555 1718 duoviros
1589 1660 1689 1719 fuisse

211 1745 420 1818 P¹¹b¹¹⁰³minde
453 1759 659 1830 confirmatur,
693 1759 773 1833 quod
804 1759 960 1834 pecuniam
990 1759 1138 1834 publicam
1167 1759 1199 1818 in
1227 1760 1314 1819 ludos
1343 1778 1415 1819 suos
1448 1763 1688 1820 consumendam

203 1829 470 1922 attribuuntduovifi
497 1861 557 1937 ipsi
584 1860 641 1919 sibi
668 1868 804 1931 sumunt,
832 1870 936 1918 contra
961 1861 1161 1938 impendenda
1185 1863 1216 1920 in
1243 1863 1330 1922 ludos
1353 1863 1509 1922 aedilicios
1532 1863 1688 1923 aedilibus

213 1911 334 2043 ,2⁰23ss
352 1965 525 2022 attribuitur
547 1981 565 2020 a
586 1963 721 2020 suovms
745 1962 784 2036 (e.
800 1961 902 2020 Lxx.
925 1962 1055 2038 Lxxt).
1076 1997 1117 2006 -
1137 1964 1262 2023 Maioris
1286 1965 1428 2023 monens
1449 1972 1496 2024 eu
1517 1966 1600 2041 quoa
1622 1967 1688 2025 ern-

227 2077 322 2141 quique
352 2066 429 2124 eitun
451 2084 489 2122 ex
511 2085 535 2123 c.
559 2063 676 2137 LXIX,
699 2064 841 2123 duoviros
862 2065 1017 2140 pecuniam
1040 2083 1098 2122 non
1122 2065 1292 2124 attribuisse
1319 2067 1378 2124 nisi
1400 2068 1430 2124 in
1453 2085 1539 2126 suum
1560 2088 1689 2140 annum,

229 2175 324 2209 “mmm
353 2169 453 2245 itaque
480 2167 683 2242 redemptione
708 2167 788 2224 facta
813 2166 844 2223 in
870 2185 965 2225 annos
993 2167 1094 2242 plures
1117 2169 1351 2243 uniuscuiusque
1378 2169 1447 2227 anni
1469 2168 1580 2228 llviros
1604 2189 1689 2229 sum-

351 2289 429 2330 mam
463 2287 517 2328 suo
549 2287 628 2326 anno
660 2268 873 2346 praestandam
904 2269 1145 2346 redemptoribus
1178 2270 1360 2329 attribuisse.
1410 2271 1445 2329 Id
1475 2280 1508 2329 ut
1535 2273 1688 2332 institutis

351 2372 457 2449 populi
482 2371 612 2429 Romani
638 2371 749 2448 optime
778 2371 927 2441 convenit,
959 2371 1002 2429 ita
1034 2371 1073 2428 ad
1100 2389 1240 2430 censores
1270 2390 1389 2449 quoquc
1422 2374 1527 2449 populi
1554 2375 1688 2435 Romani

351 2482 430 2531 reete
456 2473 610 2546 reseretur,
637 2473 727 2532 modo
754 2473 975 2550 distinguamus
1000 2473 1078 2531 inter
1104 2475 1260 2550 pecuniam
1287 2475 1363 2552 ipsis
1385 2475 1567 2549 attributam,
1595 2496 1688 2553 quam

352 2575 544 2634 exsolverent
573 2593 640 2633 cum
668 2575 778 2632 vellent
805 2575 973 2651 quibusque
1000 2575 1195 2650 pensionibus
1224 2576 1348 2648 vellent,
1381 2587 1410 2636 et
1437 2579 1595 2654 pecuniam
1624 2581 1688 2638 sol·

351 2678 478 2736 vendam
507 2695 546 2736 ex
574 2677 724 2736 locatione
750 2676 871 2753 quidem
903 2677 940 2734 ab
966 2677 1041 2753 ipsis
1067 2677 1147 2736 facta
1172 2696 1269 2754 neque
1298 2689 1397 2736 tamen
1425 2680 1461 2737 de
1490 2682 1620 2758 pecunia
1647 2683 1688 2742 iis

353 2779 506 2838 attributa.

212 2889 346 2939 Poenaea
438 2883 467 2940 4.
510 2881 674 2940 Pecuniam
700 2899 815 2956 poenae
842 2881 960 2940 nomine
986 2882 1024 2940 ob
1052 2883 1210 2958 vectigalia
1238 2882 1375 2942 coloniae
1403 2884 1433 2941 in
1461 2883 1614 2960 publicum
1641 2907 1689 2946 re·

209 2971 471 3065 mvltvm-saetam
497 2985 549 3042 lex
576 3003 601 3042 o.
624 2982 710 3042 LXV
733 2983 815 3042 iubet
836 3003 895 3042 non
917 2984 1049 3059 impendi
1071 2985 1129 3042 nisi
1155 2985 1185 3042 in
1208 3003 1294 3044 sacra
1316 2967 1464 3056 colonise3
1493 2987 1603 3062 quibus
1626 3009 1689 3048 non

200 3061 563 3186 ‘jg‘ffi‘eomprehendi
595 3085 683 3144 ludos
716 3086 900 3163 intellegitur
926 3105 965 3142 ex
998 3086 1133 3145 clausula
1159 3095 1294 3145 extrema
1323 3105 1409 3164 capp.
1438 3086 1554 3147 LXIX.
1583 3089 1689 3150 LXX.

220 3219 342 3268 muti„
356 3187 512 3263 Quaenam
540 3207 592 3246 eae
619 3205 735 3264 poenae
761 3188 821 3246 sint
847 3189 878 3246 in
906 3205 943 3246 ea
963 3196 1049 3265 parte
1075 3189 1152 3266 legis
1175 3208 1264 3265 quam
1286 3189 1432 3248 habemns
1455 3208 1515 3249 non
1536 3195 1689 3266 inventae,

209 3301 341 3350 saaraim-
354 3292 386 3348 in
407 3290 578 3350 universum
600 3289 686 3348 facile
709 3299 847 3366 apparet3
870 3289 986 3348 scilieet
1008 3309 1070 3360 eae,
1093 3309 1169 3366 quae
1191 3291 1363 3351 conductori
1385 3293 1423 3350 ob
1445 3294 1603 3367 pecuniam
1627 3314 1690 3353 non

201 3385 434 3451 Ptfldfflfflriusto
461 3401 595 3468 tempore
622 3391 750 3450 solutam
779 3391 825 3449 vel
851 3409 912 3448 rem
940 3392 1019 3449 male
1046 3392 1177 3451 habitam
1205 3394 1271 3470 lege
1298 3394 1456 3452 locationis
1479 3395 1689 3472 iniungantur.

354 3495 429 3572 Ipsa
454 3494 504 3552 lex
532 3513 611 3553 nova
637 3501 693 3565 est,
722 3493 776 3552 sed
802 3511 895 3551 eausa
921 3503 1038 3570 aperta:
1068 3495 1183 3553 scilicet
1209 3497 1240 3568 ii,
1271 3496 1379 3572 quibus
1405 3495 1598 3555 iudicandum
1625 3511 1694 3559 erat

353 3615 467 3672 poenae
490 3615 543 3655 eae
565 3596 782 3654 commisssene
804 3607 915 3664 essent,
939 3596 1003 3654 sive
1026 3597 1219 3674 magistratus
1242 3599 1263 3656 ii
1285 3598 1405 3656 suerunt
1426 3599 1487 3657 sive
1510 3599 1692 3662 decuriones

355 3699 417 3756 sive
439 3708 674 3773 recuperatores,
697 3717 765 3756 cum
787 3716 890 3756 eorunm
912 3699 1071 3756 interesset
1092 3699 1235 3774 pecuniae
1258 3699 1387 3776 publicis
1403 3700 1504 3759 usibus
1518 3701 1693 3764 destinatae

354 3819 444 3875 quam
466 3800 627 3858 maximam
650 3799 765 3877 copiam
789 3800 905 3858 aerario
928 3819 1006 3870 esse,
1029 3820 1064 3858 ne
1087 3801 1123 3858 de
1143 3819 1198 3859 sua
1213 3819 1305 3860 causa
1319 3801 1540 3878 quodammodo
1555 3803 1695 3866 indicare

354 3903 536 3974 viderentur,
559 3903 615 3961 hac
637 3903 703 3978 lege
724 3903 895 3974 cavebatur,
924 3920 960 3960 ea
981 3902 1107 3979 pecunia
1128 3921 1166 3961 ne
1192 3903 1222 3960 in
1246 3921 1319 3962 usus
1345 3905 1481 3982 publicos
1503 3916 1694 3981 erogaretur,

356 4004 409 4063 sed
432 4003 637 4064 tantummodo
659 4003 690 4062 in
712 4023 774 4061 rem
797 4021 923 4062 sacram.
967 4002 1057 4077 Quod
1081 4004 1106 4062 si
1129 4023 1188 4062 non
1209 4005 1398 4076 obtinuisset,
1420 4006 1483 4064 fieri
1505 4017 1637 4082 poterat,
1661 4022 1695 4070 ut

355 4107 505 4186 angustiis
528 4106 635 4164 aerarii
657 4106 714 4164 hac
737 4105 785 4163 via
807 4105 885 4164 male
908 4105 1126 4165 subveniretur.

221 4220 334 4284 Stipant
440 4211 467 4268 5.
513 4205 618 4268 Simile
640 4207 780 4283 quiddam
803 4217 926 4266 cavetur
948 4226 972 4266 c.
987 4207 1109 4266 LXXII
1132 4210 1168 4266 de
1191 4209 1276 4284 stipe.
1311 4207 1431 4270 Scilicet
1451 4209 1584 4270 collectis
1602 4232 1695 4289 pecu-

222 4303 249 4351 i¹¹
267 4316 340 4352 ⁸³⁰¹ss
359 4312 417 4370 niis
443 4311 515 4369 certi
542 4310 696 4368 cuiusdam
719 4310 849 4368 numinis
872 4327 1025 4368 sacrorum
1047 4328 1139 4368 causa
1161 4309 1445 4386 (Liv.ts,1t‚14:
1469 4313 1553 4371 ludos
1570 4329 1697 4389 praetor

222 4391 340 4450 ⁰¹⁰⁸⁰t¹¹¹
357 4417 387 4470 in
413 4415 487 4471 circo
513 4416 635 4470 mommo
661 4430 723 4470 cum
742 4415 878 4488 secturus
907 4421 991 4481 esset,
1018 4414 1118 4484 edicit,
1144 4423 1174 4470 ut
1192 4415 1318 4488 populos
1339 4432 1392 4488 per
1413 4433 1460 4472 eos
1483 4415 1567 4473 ludos
1590 4423 1695 4493 stipem

356 4513 489 4591 Apollini
514 4522 650 4588 quantem
677 4515 849 4573 coueiuodum
875 4523 946 4572 esset
973 4515 1127 4586 conservet,
1154 4525 1187 4572 ut
1208 4515 1284 4573 alios
1307 4515 1421 4574 similes
1444 4516 1525 4574 locos
1549 4518 1695 4597 mittam),

356 4615 387 4674 id
410 4615 491 4692 quod
510 4615 686 4689 praesertim
708 4615 837 4674 obtiniut
858 4616 887 4673 iu
911 4617 1005 4674 sacris
1020 4616 1148 4692 Magnae
1170 4614 1318 4692 marrini),
1340 4617 1487 4694 lactisque
1505 4618 1575 4678 inde
1596 4624 1695 4682 sacris

434 4855 457 4918 ¹)
478 4871 509 4906 ee
527 4857 593 4906 omni
611 4857 707 4919 codex3
728 4858 875 4908 emendavit
892 4857 1006 4909 Rudorff
1020 4873 1103 4924 grona.
1123 4864 1189 4907 auct.
1209 4860 1233 4918 2,
1249 4859 1311 4908 398.

433 4946 457 5010 ²)
483 4949 574 4999 Cicero
594 4951 626 4998 de
645 4951 694 5015 leg.
715 4952 744 5012 2,
763 4953 793 5013 9,
814 4952 861 5000 tt:
883 4959 989 5018 praeter
1007 4949 1102 5001 ldosue
1121 4951 1210 5000 matris
1220 4949 1335 5015 famulos
1354 4967 1442 5018 eosque
1461 4951 1535 5002 iustis
1554 4951 1644 5004 diebus
1663 4974 1694 5007 ue

357 5041 412 5106 quis
437 5041 523 5106 stipem
547 5042 629 5107 capito
655 5049 680 5090 st
704 5059 725 5092 o.
742 5043 790 5104 16,
811 5045 859 5093 4οι
885 5045 973 5110 stipem
995 5043 1139 5093 sustulimus
1158 5044 1209 5093 nisi
1226 5059 1280 5093 eam
1299 5060 1373 5110 quatu
1391 5043 1427 5093 ud
1440 5059 1539 5110 paucos
1558 5045 1615 5096 dies
1629 5065 1694 5116 pro-

352 5133 440 5198 prium
459 5130 554 5183 ldneue
578 5133 666 5184 matris
689 5135 841 5201 excepimus:
864 5135 949 5202 implet
968 5137 1031 5186 enim
1050 5137 1225 5203 superstitione
1244 5136 1340 5186 uiuimus
1359 5143 1383 5186 ct
1401 5133 1517 5186 erbuurit
1537 5137 1625 5189 domus
1644 5149 1693 5191 cet.
