3496 5828
320 553 364 622 12
827 566 1135 616 nnnrrnnunrvu

399 744 507 802 Descri
532 749 567 802 si.

400 763 613 924 Fragmllentum
637 844 824 902 inserendum
849 851 895 903 est
918 851 986 901 ante
1009 844 1045 901 fr.
1068 841 1238 914 XXXVII,
1267 861 1361 918 eoque
1383 843 1575 901 continuatur
1596 843 1651 913 ita,

315 959 348 1008 ut
369 949 465 1025 possit
488 958 586 1006 tamen
609 949 687 1005 inter
710 967 746 1004 ea
768 947 919 1006 excidisse
942 963 1066 1005 versus:
1094 963 1197 1022 margo
1225 947 1303 1004 enim
1327 962 1461 1003 summus
1487 945 1650 1022 fragmenti

315 1052 429 1126 antiqui
452 1059 600 1109 vetustate
624 1067 734 1109 exesus
756 1053 939 1124 tentorioque
967 1049 1080 1106 oblitus
1108 1057 1220 1107 certum
1246 1048 1283 1106 de
1307 1067 1344 1106 ea
1366 1067 1398 1105 re
1425 1046 1565 1105 iudicium
1588 1065 1650 1103 nou

314 1153 469 1230 permittit.
512 1152 693 1211 Litterarum
715 1150 812 1210 forma
833 1154 864 1210 in
880 1159 1006 1229 utroque
1029 1151 1118 1229 plane
1133 1151 1248 1222 eadem,
1271 1169 1325 1208 nec
1341 1149 1412 1226 quin
1431 1169 1490 1208 uno
1512 1158 1651 1226 tempore

315 1256 346 1314 in
368 1273 517 1314 marmore
539 1263 679 1312 exaratae
703 1256 764 1313 sint
786 1255 915 1313 dubitari
938 1261 1045 1329 potest.

402 1357 472 1415 754.
499 1357 546 1414 De
561 1356 598 1414 L.
611 1355 734 1415 Aemilio
749 1356 854 1414 Paullo
868 1373 1034 1433 progenero
1047 1354 1188 1415 Caesaris
1202 1355 1330 1432 Augusti
1347 1353 1484 1431 (Sueten.
1498 1355 1578 1431 Aug.
1595 1355 1649 1431 19)

315 1460 351 1518 cl.
375 1459 489 1516 Eckhel
513 1458 540 1515 d.
565 1478 593 1516 n.
618 1461 636 1516 5
660 1477 688 1533 p.
709 1457 776 1529 120,
799 1467 828 1516 et
851 1458 1036 1534 Borghesius
1059 1477 1105 1534 ep.
1128 1458 1157 1529 4,
1175 1459 1229 1528 7ος
1253 1459 1282 1529 5,
1298 1457 1369 1516 289.
1384 1491 1425 1498 -
1441 1457 1524 1515 Idem
1546 1459 1648 1517 minus

313 1571 392 1620 recte
418 1563 474 1620 hoc
502 1579 582 1618 antro
611 1560 752 1618 suffectos
774 1561 868 1618 fuisse
896 1560 1017 1638 negavit
1044 1565 1075 1617 in
1098 1578 1168 1636 opp.
1192 1559 1210 1616 8
1233 1579 1260 1636 p.
1280 1559 1318 1616 27
1346 1571 1376 1618 et
1396 1560 1484 1618 lastis
1507 1561 1648 1633 ineditis;

313 1665 404 1722 immo
431 1663 575 1721 suffectus
598 1671 644 1720 est
665 1662 804 1720 kalendis
827 1662 914 1720 Iuliis
936 1662 978 1719 M.
1002 1662 1164 1721 Herennius
1186 1661 1287 1720 Picens
1310 1661 1347 1731 is,
1375 1679 1463 1737 quem
1486 1670 1648 1738 patronum

313 1765 469 1842 municipii
491 1765 623 1841 Augusti
639 1764 772 1823 Veientis
794 1764 866 1822 dicit
888 1764 994 1822 titulus
1017 1763 1070 1822 Or.
1094 1763 1161 1820 110.
1206 1764 1312 1822 Asiam
1334 1763 1413 1822 rexit
1434 1782 1488 1840 pro
1511 1766 1649 1837 consule,

312 1877 345 1926 ut
366 1867 507 1926 docemur
528 1866 616 1924 titulo
632 1866 787 1941 Ephesino
810 1865 945 1940 (Herm-es
966 1867 984 1923 4
1008 1885 1037 1940 p.
1056 1866 1128 1924 195:
1153 1855 1268 1947 Μάρκος
1287 1855 1421 1946 Ἑρέννιος
1442 1859 1529 1935 lilaea
1550 1859 1649 1926 1118ιῖ-

314 1971 427 2044 urerer),
454 1987 542 2045 quem
572 1969 609 2027 ad
635 1969 676 2027 M.
703 1968 887 2026 Herennium
915 1986 976 2027 cos.
1000 1968 1059 2026 sul.
1082 1987 1108 2026 a.
1128 1967 1187 2025 720
1215 1967 1298 2044 (last.
1321 1967 1436 2026 Venus.
1461 1966 1494 2028 C.
1518 1969 1543 2027 I.
1565 1969 1602 2028 L.
1632 1973 1646 2029 1

312 2091 342 2148 p.
359 2071 445 2147 471),
468 2079 594 2146 patrem,
617 2079 649 2128 ut
665 2071 791 2142 videtur,
814 2070 959 2130 Herennii
974 2070 1116 2141 Picentis,
1138 2069 1255 2128 rettulit
1269 2069 1519 2146 Waddingtonius
1535 2071 1648 2148 (fustes

312 2191 341 2248 p.
358 2173 422 2248 84).
466 2171 585 2231 Nomen
608 2173 739 2232 consulis
763 2193 781 2231 a
809 2175 821 2230 1
848 2171 887 2248 <rs
912 2188 960 2230 ren
983 2174 1084 2248 ercan)
1107 2172 1166 2249 legi
1193 2173 1222 2230 in
1245 2173 1492 2248 inscriptionibus
1519 2177 1648 2250 ampho-

312 2295 411 2334 rarum
434 2275 672 2351 Aquileiensium
696 2273 891 2349 (Cortenavis
914 2291 969 2332 ms.
992 2295 1021 2352 p.
1040 2273 1092 2350 14)
1115 2284 1144 2332 et
1166 2273 1422 2334 Foroiuliensium
1445 2274 1487 2350 (d’
1507 2275 1647 2335 Orlando

312 2379 439 2436 discorso
455 2378 592 2454 funebre)
614 2377 730 2435 monuit
751 2377 966 2435 Mommsenus.

398 2480 467 2539 755.
511 2480 545 2538 Ρ.
578 2480 704 2538 Vinicius
733 2479 776 2536 M.
799 2481 826 2552 s.
855 2479 889 2537 P.
916 2499 961 2536 n..·
988 2479 1022 2537 P.
1052 2479 1189 2539 Vinucius
1216 2486 1262 2538 est
1293 2480 1322 2537 in
1355 2480 1443 2539 fastis
1473 2481 1647 2558 Anagninis

312 2581 358 2656 (C.
382 2582 408 2640 J.
431 2581 469 2638 L.
496 2583 508 2638 l
533 2602 562 2659 p.
586 2582 657 2652 473,
680 2579 756 2655 Xl):
780 2600 886 2639 nomen
909 2581 1022 2640 excidit
1043 2582 1074 2640 11
1097 2579 1227 2640 Gabinis
1251 2582 1283 2657 (l.
1307 2601 1332 2640 e.
1356 2583 1439 2658 XII).
1490 2582 1647 2644 Tribunus

313 2683 438 2741 militum
465 2683 521 2742 sub
552 2703 587 2742 eo
613 2683 710 2741 lactus
737 2695 783 2741 cst
809 2683 945 2742 Velleius
974 2683 1018 2758 (2,
1042 2684 1124 2760 101).
1166 2673 1353 2740 Ἀνθῦπατον
1381 2685 1453 2743 dicit
1478 2685 1582 2744 titulus
1612 2689 1645 2745 in

311 2786 417 2844 Andro
439 2785 540 2844 insula
562 2795 708 2860 repertus,
731 2804 856 2861 eamque
877 2786 913 2843 ab
935 2803 1055 2862 eausam
1078 2787 1156 2845 inter
1178 2786 1372 2863 proconsules
1390 2787 1483 2844 Asiae
1505 2799 1647 2848 recenset

311 2887 565 2966 Waddingtonius
589 2887 623 2963 (l.
646 2907 671 2946 c.
695 2907 723 2964 p.
743 2886 825 2961 106).
870 2888 941 2963 [Avi
965 2887 1095 2958 nomine,
1119 2888 1280 2964 quodiam
1303 2889 1425 2960 accedit,
1448 2890 1647 2950 confirmatur

310 2989 402 3047 lilium
432 3009 499 3046 eum
528 2989 623 3048 fuisse
652 2989 787 3048 consulis
817 3009 843 3048 a.
868 2990 927 3049 735
958 2990 998 3048 Μ.
1022 2989 1135 3048 Vinicii
1165 2989 1200 3048 P.
1223 2990 1257 3066 1.]
1286 3023 1324 3031 -
1352 2989 1388 3048 P.
1411 2990 1533 3067 Alfenus
1561 2992 1597 3050 P.
1614 2997 1644 3068 s.

308 3091 341 3148 P.
365 3109 394 3147 n.
424 3090 517 3148 Varus
540 3092 647 3150 dicitur
668 3091 704 3150 P.
737 3092 831 3150 Varus
854 3093 884 3150 in
914 3092 1000 3150 fastis
1024 3093 1193 3168 Anagninis
1217 3091 1251 3166 (l.
1275 3090 1332 3168 a),
1357 3091 1394 3148 L.
1418 3091 1551 3168 Alfenius
1573 3113 1644 3169 per·

309 3211 411 3268 peram
433 3193 464 3250 in
487 3190 617 3252 Gabinis
640 3193 673 3268 (1.
690 3195 741 3268 a).
783 3191 950 3252 Confirmat
971 3211 1081 3252 novum
1102 3194 1301 3272 fragmentum
1324 3213 1368 3265 ea,
1391 3212 1469 3269 quae
1496 3195 1532 3253 de
1547 3215 1645 3278 prae-

309 3294 429 3352 nomine
457 3294 551 3371 patris
578 3295 648 3352 olim
677 3296 823 3372 proposui
847 3295 893 3370 (C.
917 3295 942 3352 I.
966 3294 1004 3353 L.
1031 3298 1044 3354 1
1070 3315 1099 3371 p.
1123 3297 1207 3371 467).
1253 3296 1351 3371 [Avus
1378 3296 1430 3370 qui
1458 3297 1572 3356 accedit
1594 3310 1645 3358 est

308 3395 416 3471 opinor
444 3397 548 3455 consul
578 3416 605 3455 a.
630 3396 714 3471 715].
739 3431 776 3440 -
801 3397 919 3471 Suffecti
949 3397 982 3455 P.
1017 3395 1165 3456 Cornelius
1199 3397 1250 3456 Cn.
1271 3400 1299 3472 s.
1330 3398 1380 3456 Cn.
1408 3403 1438 3454 nl
1466 3397 1573 3475 Salpia,
1609 3403 1641 3460 Τ.

313 3497 461 3568 Quinctius
488 3497 519 3556 T.
536 3500 564 3573 s.
591 3499 623 3556 Τ.
646 3519 675 3557 n.
698 3497 851 3574 Crispinus
880 3497 1064 3570 Valerianus,
1087 3500 1175 3557 iidem
1199 3519 1238 3557 ex
1260 3518 1284 3558 a.
1307 3519 1332 3558 o.
1356 3500 1527 3559 faciundum
1554 3521 1643 3561 cura·

308 3609 414 3658 verunt
436 3619 549 3672 arcum,
572 3601 623 3677 qui
647 3601 705 3659 1111
719 3601 756 3658 ad
773 3601 906 3659 Tiberim
928 3602 1016 3660 iuxta
1031 3599 1062 3659 S.
1081 3603 1206 3659 Mariam
1223 3603 1253 3659 in
1270 3599 1432 3662 Cosmedin
1449 3603 1495 3678 (C.
1513 3603 1537 3661 Ι.
1555 3603 1592 3661 L.
1612 3605 1643 3679 6,

307 3689 415 3777 1385).
459 3702 505 3760 Ibi
534 3700 636 3779 Scipio
664 3703 783 3779 plenius
812 3703 922 3761 dicitur
944 3704 977 3761 P.
1001 3703 1143 3762 Lentulus
1167 3705 1216 3762 Cn.
1234 3709 1261 3781 s.
1286 3705 1398 3780 Scr'pim
1428 3703 1462 3762 P.
1485 3703 1644 3764 Lentulum

307 3803 409 3862 dieunt
431 3804 500 3863 lasti
517 3801 628 3863 Gabini
652 3802 701 3880 (C.
719 3805 743 3862 I.
759 3804 795 3862 L.
815 3807 828 3861 1
853 3824 882 3880 p.
895 3805 967 3877 473,
983 3805 1073 3881 XII).
1117 3805 1370 3882 Waddingtonius
1387 3805 1494 3881 (sastes
1516 3825 1545 3882 p.
1565 3807 1641 3884 108)

307 3906 398 3964 refert
425 3906 463 3964 ad
490 3925 557 3964 eum
584 3907 811 3983 inscriptionem
839 3905 1035 3984 Smyrnaeum
1065 3907 1115 3982 (C.
1136 3908 1161 3964 I.
1188 3907 1240 3966 Gr.
1262 3907 1373 3983 3186),
1400 3927 1476 3983 quae
1502 3909 1643 3968 nominat

306 3997 703 4069 ΠόπλιονΛέντλονΣκιπίωνα
714 4003 760 4065 riv
773 4001 943 4066 ἀνθύπατον
956 4009 1326 4085 proconsulemqueAsiae
1338 4028 1404 4066 eum
1417 4009 1510 4068 fuisse
1523 4011 1641 4070 statuit.

306 4109 495 4184 [Mutandum
511 4129 575 4170 esse
591 4113 650 4169 ianr
666 4121 791 4187 apparet
806 4121 931 4169 stemma
947 4111 1153 4182 Lentulorum,
1176 4111 1263 4186 quale
1279 4112 1423 4188 proposui
1439 4110 1640 4188 Borghesium

306 4221 426 4270 secutus
442 4213 500 4270 vol.
516 4215 528 4271 1
555 4233 584 4290 p.
599 4215 646 4272 14.
684 4213 743 4272 Hic
758 4214 835 4271 enim
852 4213 956 4272 consul
972 4214 1073 4272 1755
1096 4232 1161 4272 cum
1178 4214 1269 4272 fuerit
1284 4212 1341 4273 Cn.
1357 4213 1377 4272 1.
1395 4211 1450 4272 Cn.
1466 4233 1505 4287 1.,
1521 4224 1641 4292 patrem

305 4313 408 4370 habuit
429 4333 489 4373 non
505 4313 561 4374 Cn.
578 4315 736 4374 Lentulum
752 4314 789 4373 L.
805 4315 825 4374 f.
842 4333 903 4374 cos.
921 4334 948 4372 a.
966 4316 1040 4386 736,
1063 4315 1115 4374 sed
1132 4314 1186 4374 Cu.
1205 4316 1367 4374 Lentulum
1384 4314 1439 4374 Cn.
1455 4316 1475 4374 f.
1492 4335 1639 4394 augurem

304 4415 457 4474 consulem
473 4437 500 4474 u.
518 4417 600 4492 7401.
619 4450 656 4459 -
675 4415 834 4491 Quinctius
850 4437 959 4489 errore,
975 4427 1008 4476 ut
1023 4419 1150 4489 videtur,
1166 4419 1350 4493 quadratarii
1368 4418 1488 4476 Publius
1504 4419 1639 4495 appella-

305 4525 353 4574 tur
374 4518 405 4575 in
428 4517 516 4578 fastis
540 4516 667 4578 Gabinis
690 4519 724 4595 (l.
740 4519 791 4595 a).
837 4519 908 4578 Fuit
934 4529 1041 4595 postea
1067 4530 1183 4578 curator
1210 4521 1333 4578 locarunt
1356 4520 1536 4596 publicorum
1562 4524 1639 4580 iudi-

305 4621 462 4678 candorum
484 4620 529 4694 (0.
546 4621 572 4679 I.
590 4620 627 4680 L.
645 4621 672 4691 6,
698 4620 788 4694 1266,
811 4621 847 4680 ci.
863 4641 891 4697 p.
910 4621 970 4680 276
993 4633 1023 4680 et
1039 4623 1205 4682 Mommsen
1222 4620 1400 4682 Staatsreclrt
1419 4621 1436 4679 2
1459 4643 1488 4698 p.
1505 4623 1576 4696 930,
1590 4623 1637 4700 2).

303 4721 385 4780 Inter
396 4722 526 4781 Arvales
542 4736 791 4782 commemoratur
806 4723 893 4782 annis
913 4723 1017 4782 1421.
1029 4723 1077 4798 27,
1093 4725 1237 4800 magister
1252 4725 1372 4802 collegii
1387 4725 1484 4784 iactus
1500 4735 1545 4785 est
1560 4725 1634 4785 all

304 4822 355 4898 (cf.
379 4833 446 4882 acta
461 4826 553 4898 fratr.
577 4823 648 4883 Ara.
671 4846 700 4903 p.
721 4826 803 4902 195).
848 4827 949 4902 [Avus
972 4845 1038 4885 cum
1060 4837 1088 4886 et
1109 4827 1172 4902 ipse
1196 4827 1286 4884 Titus
1309 4827 1406 4899 fuerit,
1430 4829 1575 4901 firmatur,
1597 4827 1638 4887 de

304 4944 362 5002 quo
384 4937 473 4985 antea
495 4927 625 4986 dubitari
647 4935 773 5002 poterat,
796 4939 910 5004 patrem
933 4930 1066 4989 consulis
1090 4949 1115 4986 a.
1131 4929 1190 4988 755
1215 4947 1283 4988 esse
1306 4929 1342 4987 T.
1360 4928 1533 5002 Quinctium
1555 4929 1593 4988 Τ.
1613 4931 1636 4989 1.

304 5026 476 5106 Crispinum
499 5047 560 5088 cos.
577 5049 603 5088 a.
621 5029 700 5100 7453
724 5050 780 5090 nec
796 5031 903 5090 mirum
925 5044 972 5090 est
986 5031 1090 5102 lilium,
1113 5030 1274 5107 adoptivus
1290 5033 1342 5108 qui
1359 5032 1504 5103 videatur,
1528 5033 1634 5091 decen-

302 5131 353 5188 nio
375 5143 443 5208 post
464 5143 580 5208 patrem
603 5131 642 5189 ad
665 5149 812 5193 summam
835 5135 968 5194 curulem
992 5133 1187 5209 pervenisse].
