3458 5820
517 514 568 564 su
595 513 771 565 CORPORIS
799 511 884 563 von.
903 514 967 563 vn.
1331 494 1404 566 313

159 684 190 746 S.
215 685 246 747 S.
269 685 395 745 Lewis
420 687 523 762 philol.
543 687 666 758 joaraol
693 687 721 754 7,
753 686 831 744 1876
859 705 886 761 p.
907 685 963 742 176
977 704 1015 742 ss.
1046 693 1074 742 et
1100 689 1285 745 mernorcudu
1311 688 1346 760 of
1364 687 1407 744 tile

75 789 246 864 Cambrid9e
263 788 456 864 philolopicul
477 792 579 864 society
606 787 768 846 1875-76
791 807 819 862 p.
840 789 886 845 11.

159 889 335 951 Scribonius
364 891 415 948 ille
446 889 617 948 Demetrius
646 890 730 964 (nam
760 890 797 948 de
826 890 935 948 scribae
962 889 1049 947 titulo
1080 891 1205 968 cogitari
1233 910 1292 950 non
1315 908 1405 966 posse

74 992 178 1067 patet),
206 993 295 1050 bomo
319 990 455 1050 Graecus
482 992 512 1048 in
539 993 673 1050 exercitu
702 992 833 1050 sortasse
861 992 1011 1068 stipendia
1038 1011 1163 1063 merens,
1193 993 1238 1050 dis
1262 994 1404 1070 praetorii

72 1093 200 1152 Romani
229 1092 343 1169 (Genio
366 1093 455 1152 Marti
478 1093 630 1152 Victoriae
653 1095 767 1152 Romae
795 1094 981 1152 similibusve
1009 1093 1095 1170 puto)
1123 1094 1252 1170 itemque
1278 1095 1325 1153 dis
1352 1115 1404 1170 pa-

72 1197 138 1254 triis
165 1197 289 1255 marinis
321 1197 372 1272 (ne
400 1197 478 1253 enim
506 1197 620 1272 cogites
647 1196 684 1254 de
705 1187 827 1276 Δήμητρι
850 1196 923 1254 deae
945 1196 1079 1271 nomine)
1107 1195 1233 1254 donaria
1256 1197 1403 1272 quaedam

70 1298 168 1356 titulis
190 1299 252 1356 illis
276 1308 382 1357 ornata
404 1299 521 1356 ridetur
544 1298 708 1356 dedicasse.

68 1505 137 1564 180
162 1507 231 1580 (ins.
255 1517 325 1583 post
348 1529 375 1565 n.
392 1507 477 1582 234).
521 1507 650 1565 Eburaci
674 1527 735 1584 rep.
760 1527 785 1564 a.
814 1508 907 1578 1877;
936 1508 1022 1565 arula
1047 1508 1177 1585 lapidea,
1200 1519 1337 1567 servatur
1359 1510 1400 1569 ibi

110 1608 141 1666 in
164 1627 278 1667 museo·

682 1709 703 1750 D
725 1722 731 1738 ·
748 1709 763 1750 Ε
779 1723 786 1736 ·
802 1710 825 1753 0

661 1809 804 1854 Genio

671 1911 801 1954 Loacl

661 2013 804 2059 v·s·L·m

150 2153 211 2212 lac.
235 2153 347 2214 Raine
369 2157 450 2215 misit
471 2156 553 2232 ligno
575 2157 710 2215 incisam.
755 2153 874 2215 Similes
889 2155 1091 2215 dedicationes
1106 2157 1201 2215 eidem
1219 2155 1318 2218 Genio
1340 2159 1396 2218 loci

65 2255 180 2331 positae
203 2256 262 2314 duo
284 2257 414 2316 indidem
437 2259 495 2316 iarn
519 2259 711 2316 innotuerunt
733 2277 761 2315 n.
781 2256 840 2316 235
865 2267 894 2314 et
916 2257 986 2318 265.

62 2461 121 2522 181
144 2465 215 2540 (ins.
238 2476 309 2544 post
330 2487 358 2526 n.
376 2467 460 2544 240).
504 2469 634 2527 Eburaci
661 2473 730 2525 item
758 2468 932 2542 prodierunt
958 2487 1054 2560 nuper
1074 2469 1156 2526 anuli
1179 2471 1311 2544 argentei
1334 2470 1395 2527 duo

104 2566 251 2644 inscripti,
273 2587 349 2645 quos
373 2589 391 2626 a
413 2571 536 2646 reliquis
559 2573 622 2629 eius
645 2569 747 2648 oppidi
769 2569 865 2628 titulis
889 2571 1047 2645 seiungere
1069 2571 1166 2628 visum
1190 2588 1248 2628 nou
1271 2581 1326 2643 est,
1350 2573 1380 2628 hi

369 2728 388 2766 a
480 2722 566 2766 nso
882 2707 898 2763 1
945 2721 1020 2764 τοτ

453 2825 592 2871 svceuo

144 2963 203 3023 lac.
225 2965 343 3025 Raine
365 2966 448 3025 misit
469 2985 554 3025 cerae
576 2967 750 3044 impressos.

143 3065 203 3125 Dei
223 3066 323 3128 Suceli
344 3087 451 3128 nomen
473 3069 521 3127 hic
542 3069 670 3146 primurn
692 3069 814 3145 legitur3
838 3087 906 3127 num
929 3069 959 3126 in
981 3068 1106 3126 alterius
1128 3068 1208 3126 anuli
1232 3069 1320 3128 titulo
1343 3071 1390 3129 dei

56 3168 127 3226 item
150 3169 276 3230 alicuius
299 3189 408 3229 nomen
429 3171 530 3243 lateat,
554 3171 645 3230 veluti
667 3171 803 3247 Tot(atia)
825 3171 942 3242 Martis,
965 3189 1003 3228 an
1025 3171 1088 3228 voti
1111 3171 1240 3229 formula
1261 3171 1390 3231 fortasse

56 3289 117 3328 non
140 3270 266 3348 integra,
293 3273 386 3331 veluti
409 3283 448 3332 tot
469 3271 575 3347 (annos
596 3273 690 3348 vicus)
715 3275 761 3332 vel
788 3273 907 3344 similis,
935 3273 1050 3350 ignoro.
1095 3270 1165 3332 Una
1185 3283 1322 3350 repertus
1344 3283 1390 3334 est

55 3371 164 3430 anulus
187 3392 296 3433 aureus
320 3393 386 3432 cum
410 3375 498 3452 signo
520 3376 652 3434 ciconiae
675 3375 739 3434 sive
762 3379 854 3452 gruis.

55 3577 121 3638 182
144 3581 215 3657 (ins.
236 3538 308 3659 post
329 3603 358 3640 n.
375 3581 459 3660 240).
503 3583 646 3658 Eburaci,
674 3585 873 3662 fragmentum
901 3585 1029 3643 tabellae
1057 3583 1194 3660 lapideae
1216 3603 1279 3661 rap·
1301 3585 1387 3644 iuxta

96 3681 216 3742 domum
237 3683 349 3744 Raiuii.

681 3841 769 3886 ενι

632 3941 769 3996 pro-5⁰?

135 4058 195 4118 Iac.
218 4059 336 4120 Raine
357 4061 447 4120 misit.

51 4187 55 4194 ⁴
134 4159 171 4219 In
194 4181 293 4222 ..cur
313 4162 405 4221 latere
426 4180 517 4240 posse
539 4164 729 4224 decurionem
752 4164 875 4222 adnotat
895 4163 1001 4222 Raine.

47 4365 123 4428 183Ι
139 4371 209 4446 (ins.
233 4383 303 4448 pust
324 4393 353 4431 n.
370 4371 455 4449 248).
499 4374 640 4446 Eburaci,
666 4373 869 4452 sarcophagus
898 4373 1022 4448 pulcher
1043 4391 1106 4450 rep.
1129 4391 1156 4430 a.
1183 4372 1261 4432 1877
1284 4375 1315 4433 in
1337 4374 1380 4433 ei·

91 4469 276 4533 fossionibus
298 4476 487 4548 suburbanis,
509 4477 546 4534 de
561 4477 670 4552 quibus
685 4475 748 4534 dixi
771 4493 862 4552 supra
884 4495 912 4552 p.
932 4475 1005 4548 1133
1027 4476 1144 4534 litterae
1157 4477 1296 4535 dicuntur
1310 4495 1379 4550 esse

90 4573 221 4649 optimae
243 4585 273 4633 et
293 4576 441 4652 profunde
463 4577 585 4637 incisae.

470 4730 529 4772 tvi.
543 4745 550 4760 ·
563 4730 827 4775 FORTVNATAE·
844 4732 953 4778 bomo

470 4831 646 4876 SARDlNlA
668 4847 675 4863 ·
698 4834 811 4879 VEREC
833 4847 840 4863 ·
888 4835 953 4879 DlO

470 4933 574 4977 GENl
597 4935 952 4982 rtnncorttvncx

637 5036 779 5081 MARITO

128 5170 187 5231 Iac.
209 5171 328 5232 Raine
350 5174 433 5233 misit
454 5173 606 5253 ediditque
628 5178 658 5236 in
681 5177 870 5254 ephemeride
892 5176 1038 5253 Acudomy
1063 5175 1141 5236 1877
1165 5175 1180 5234 1
1202 5196 1231 5254 p.
1249 5174 1319 5236 392.
