3516 5828
375 482 445 550 ll2
637 500 823 549 ADDI'l’AM.
852 500 935 548 VOL.
957 501 982 548 ll
1010 501 1082 548 Lux
1111 499 1190 550 COL.
1220 500 1440 550 GENETIVAE.

372 665 425 732 cae
448 673 513 731 eius
536 671 744 731 decurionibus
767 673 913 729 eiusmodi
936 671 1088 730 demolitio
1116 673 1219 749 perfici
1241 681 1352 748 posset.
1396 671 1543 731 Similiter
1558 673 1708 730 Hadriani

371 785 468 834 aetate
490 775 609 852 publice
631 783 750 831 cautum
774 781 819 830 est
842 793 878 830 ne
900 773 930 831 in
954 773 1016 830 olla
1035 775 1154 832 civitate
1175 775 1281 832 domus
1305 775 1469 832 dirueretur
1486 778 1708 851 transferendae

371 880 411 936 ad
437 879 524 936 altam
552 877 646 933 turbem
673 876 763 932 ullius
791 879 926 932 oratoriae
953 894 1040 932 ceusu
1070 876 1146 950 (vita
1169 875 1314 933 Hadriani
1341 876 1407 951 18);
1433 877 1463 934 id
1490 891 1535 934 est
1558 878 1707 935 eiusmodi

371 980 592 1037 demolitionem
616 978 790 1035 decuriones
813 980 983 1052 permittere
1001 979 1185 1036 rotabantur.
1229 977 1364 1036 Lubente
1387 979 1493 1037 deiude
1516 987 1615 1037 aetate
1638 999 1707 1036 cum

371 1103 442 1140 cura
469 1101 565 1140 rerum
594 1081 777 1155 publicarum
806 1081 843 1137 nd
871 1080 1078 1156 imperatorem
1107 1081 1327 1154 quodammodo
1351 1082 1564 1140 transferretur
1586 1091 1707 1138 curato-

370 1203 478 1260 resque
501 1183 527 1241 is
550 1183 639 1240 rebus
661 1181 790 1258 publicis
813 1181 884 1239 dare
907 1183 1060 1256 inciperet,
1083 1182 1150 1259 ipsa
1165 1183 1349 1258 privatorum
1365 1184 1567 1242 aedificiorum
1592 1184 1623 1242 in
1641 1171 1706 1240 mu·

370 1273 487 1360 nic-ipiis
511 1305 582 1342 cura
609 1285 651 1340 ita
678 1283 897 1358 quodammodo
921 1303 939 1340 a
961 1283 1170 1341 decurionibus
1197 1284 1234 1340 ad
1262 1285 1470 1360 imperatorem
1494 1287 1707 1363 magistratus-

371 1407 428 1464 que
451 1388 488 1445 ab
510 1388 689 1464 imperatore
711 1387 891 1443 constitutos
915 1385 1060 1443 translata
1082 1395 1136 1456 est,
1162 1386 1236 1443 unde
1260 1391 1317 1444 iarn
1341 1388 1376 1444 de
1397 1406 1433 1444 ea
1447 1389 1536 1446 etiarn
1553 1387 1706 1464 Ulpianus

370 1499 400 1546 ot
421 1489 536 1546 Paulus
565 1496 776 1545 tractaverunt.
820 1488 931 1545 Fusius
962 1488 998 1544 dc
1021 1487 1075 1545 hac
1099 1509 1129 1545 re
1153 1488 1215 1546 dixi
1244 1489 1273 1546 in
1302 1489 1514 1547 commentario
1538 1491 1576 1547 ad
1606 1489 1705 1567 legem

370 1591 580 1648 blalacitanam
605 1610 632 1664 p.
650 1587 710 1646 480
723 1608 783 1664 seq.

234 1712 351 1772 Figlinae
455 1692 509 1749 IV.
554 1691 690 1768 Figlinas
712 1690 853 1768 teglarias
877 1691 1115 1770 tegulariumque
1136 1692 1227 1768 (quod
1244 1713 1261 1751 a
1276 1693 1383 1770 figlinis
1399 1694 1533 1771 teglariis
1551 1695 1706 1769 quomodo

225 1795 250 1842 in
265 1796 362 1859 <ppido
372 1795 500 1864 differat,
523 1796 637 1852 frustra
659 1794 808 1868 quaesivi)
832 1793 887 1850 etsi
910 1812 1052 1852 noramus
1075 1795 1190 1852 institui
1214 1796 1319 1853 solitas
1339 1814 1406 1854 csse
1422 1805 1506 1854 extra
1521 1795 1635 1870 oppida
1657 1796 1706 1870 (ut

239 1880 348 1928 ”elam
371 1899 438 1974 ipsa
466 1897 624 1954 fundorum
655 1895 775 1952 nomina
801 1896 945 1972 inscripta
973 1896 1080 1954 habent
1112 1897 1229 1973 tegulae
1257 1899 1402 1974 cinaedum
1435 1899 1513 1974 apud
1540 1897 1703 1955 Mariuium

369 2002 442 2056 Arv.
466 2018 495 2073 p.
513 1996 598 2072 608),
627 1998 668 2054 ita
691 2016 768 2055 nnnc
790 1997 908 2070 demum
935 1998 1095 2056 innotescit
1116 2018 1152 2057 ne
1175 1999 1298 2058 licuisse
1321 2000 1439 2074 quidem
1462 2017 1512 2058 eas
1535 2001 1565 2056 in
1590 1999 1704 2076 oppido

368 2102 476 2171 facere,
505 2101 530 2157 si
559 2099 686 2157 maiores
716 2115 816 2157 essent
845 2100 1010 2177 tegularum
1034 2099 1125 2171 CCC,
1151 2101 1324 2184 diurnarum
1348 2102 1467 2178 opinor;
1497 2102 1627 2159 conferri
1650 2121 1705 2177 po-

369 2213 427 2261 test
453 2202 534 2278 quod
557 2221 595 2259 ex
618 2202 724 2277 tegulis
751 2201 928 2278 quibusdam
952 2200 1154 2262 Sisciensibus
1178 2223 1272 2278 nuper
1294 2204 1496 2262 intelleximus
1519 2204 1622 2279 operis
1651 2223 1705 2278 per

287 2337 296 2351 ·
368 2305 432 2364 dies
456 2304 591 2380 singulos
615 2303 731 2378 tegulas
755 2305 823 2362 talis
846 2313 925 2362 certe
947 2306 1074 2380 generis,
1103 2306 1207 2380 quales
1231 2305 1402 2378 sentinae,
1432 2305 1583 2363 faciendas
1607 2307 1704 2365 fuisse

368 2407 499 2464 ducenas
516 2406 633 2462 vicenas
651 2404 692 2480 (v.
710 2406 777 2482 eph.
795 2404 822 2478 2,
839 2406 924 2481 434).
942 2439 979 2448 -
998 2406 1109 2465 Contra
1131 2408 1239 2482 siquis
1262 2408 1373 2478 lecerit,
1396 2407 1479 2465 locus
1501 2408 1639 2482 publicus
1654 2409 1703 2478 fit;

367 2527 495 2584 quocum
523 2526 750 2582 componemuS‚
774 2527 809 2564 ne
833 2509 896 2566 oius
920 2509 1036 2585 generis
1060 2529 1156 2584 poena
1178 2511 1214 2568 ab
1237 2510 1381 2568 institutis
1405 2510 1514 2567 liberae
1536 2509 1579 2566 rei
1603 2509 1703 2585 publi·

367 2631 419 2669 cae
442 2610 602 2668 abhorrere
625 2609 738 2681 medae,
765 2611 845 2685 quod
868 2613 909 2668 ait
932 2611 1095 2668 Frontinus
1118 2613 1154 2670 de
1176 2631 1224 2687 aq.
1243 2613 1294 2668 77:
1318 2616 1392 2688 apri,
1415 2616 1463 2687 qui
1485 2631 1562 2686 aqua
1582 2611 1705 2687 publica

368 2725 468 2772 contro
490 2713 577 2788 lepcm
600 2721 690 2769 essent
713 2716 843 2787 turtpctt,
868 2713 1098 2788 publicabuntur.
1143 2713 1189 2772 Es
1210 2714 1370 2790 publicatio
1390 2713 1538 2788 quomodo
1560 2714 1702 2771 effectum

366 2815 488 2884 habeat,
515 2833 575 2872 non
603 2814 677 2872 satis
704 2815 895 2890 perspicitur,
922 2835 989 2872 cum
1018 2817 1110 2873 rerba
1136 2816 1226 2892 legis,
1254 2825 1286 2873 ut
1311 2825 1389 2873 recte
1417 2815 1531 2873 monuit
1552 2814 1703 2892 Krueger,

367 2917 509 2994 impedita
531 2919 591 2976 sint
613 2929 643 2978 et
664 2919 794 2976 fortasse
817 2917 962 2994 quaedam
985 2917 1157 2975 exciderint.
1194 2917 1399 2994 Expectamus
1423 2935 1494 2975 sane
1517 2917 1604 2974 talia:
1628 2921 1703 2975 eius·

366 3018 447 3094 q(uc)
475 3022 598 3096 aedificii
629 3022 696 3096 [qui
721 3021 793 3078 volet
821 3023 920 3094 petitio
947 3029 1018 3088 esto,
1046 3023 1200 3094 quantique
1227 3038 1260 3077 ea
1288 3038 1333 3077 res
1360 3019 1443 3094 erit]‚
1473 3022 1642 3094 quicumque
1673 3023 1702 3075 in

366 3119 507 3195 c(olonio)
624 3122 712 3197 i(u·re)
741 3122 894 3198 (Κίου-ΜΟ)
919 3120 1076 3196 p(raeerit)
1174 3140 1234 3178 earn
1258 3125 1408 3197 pecuniam
1436 3126 1464 3179 in
1487 3121 1635 3196 publicum
1658 3140 1702 3178 rc-

367 3223 464 3297 dipito.
510 3221 631 3282 Scilicet
657 3226 811 3300 probabile
838 3236 883 3281 est
910 3224 946 3280 de
973 3224 1120 3300 tegulario
1146 3225 1305 3282 commisso
1333 3243 1386 3299 per
1408 3223 1565 3280 formulam
1593 3223 1702 3298 petito-

365 3323 439 3381 riam
468 3324 641 3383 colonorum
671 3329 790 3384 nomine
818 3343 906 3402 agere
935 3327 1070 3400 potuisse
1098 3327 1148 3401 qui
1177 3325 1280 3394 vellet3
1314 3325 1419 3384 deiude
1446 3326 1522 3384 ricto
1551 3345 1604 3383 reo
1633 3345 1701 3383 cum

366 3435 417 3484 aut
441 3427 610 3485 restituisse
638 3427 760 3486 fundum
788 3429 831 3486 rei
858 3429 995 3504 publicae
1021 3430 1121 3504 itaque
1144 3427 1314 3486 absolutum
1337 3445 1418 3497 esse,
1447 3435 1499 3484 aut
1520 3428 1702 3486 condemna·

225 3531 291 3580 Viae
308 3539 428 3594 putum
455 3546 521 3585 esse
550 3539 648 3588 tantae
675 3533 832 3604 pecuniae,
864 3539 993 3606 ‹luantae
1020 3530 1129 3588 fundus
1155 3543 1248 3598 essct,
1277 3548 1403 3604 eamque
1426 3530 1581 3606 pecuniam
1610 3531 1702 3588 solito

227 3614 448 3706 l''lt'i'fflfffimore
476 3631 685 3708 magistratum
715 3634 851 3708 exegisse
881 3633 932 3708 (cl.
964 3634 1016 3702 10,
1045 3631 1079 3688 8:
1114 3635 1228 3708 ciuesque
1251 3635 1391 3708 pecuniae
1418 3635 1464 3690 cui
1489 3633 1563 3690 colet
1588 3636 1701 3706 petitio,

224 3697 301 3827 affigi
317 3712 353 3827 ¹:³¹
368 3733 465 3789 Heiro
488 3774 515 3790 ..
540 3737 646 3790 eraclio
670 3777 676 3790 .
692 3777 719 3791 ..
743 3735 823 3808 ecto).

220 3819 278 3909 ruico
293 3796 358 3910 iiivi-
452 3833 489 3890 V.
533 3833 672 3910 Denique
695 3854 772 3911 quae
787 3857 810 3894 c.
828 3837 979 3894 LXXVII
996 3849 1139 3894 caventur
1161 3837 1197 3906 de
1220 3837 1275 3894 viis
1298 3836 1392 3894 fossis
1408 3837 1517 3894 cloacis
1540 3836 1701 3894 instituen-

218 3935 413 3994 todominodis
437 3935 642 4024 muniendisrc
665 3957 701 3994 eo
723 3939 856 4011 redeunt,
881 3949 911 3996 ut
926 3939 1151 4014 magistratibus
1174 3939 1238 3996 eius
1261 3939 1304 3995 rei
1320 3957 1411 3996 causa
1432 3939 1525 3996 libere
1545 3939 1588 3995 uti
1612 3935 1721 3997 liceat

365 4055 437 4112 agro
465 4039 616 4109 coloniae,
646 4058 718 4116 agro
749 4041 865 4115 privato
889 4042 929 4098 uti
959 4061 994 4098 ne
1021 4040 1110 4099 liceat
1133 4041 1190 4098 nisi
1213 4041 1417 4099 consentiente
1440 4039 1571 4097 domino.
1618 4037 1700 4098 Con-

365 4140 447 4196 venit
472 4140 501 4196 id
529 4140 558 4198 in
589 4142 760 4200 universum
788 4163 853 4200 cum
879 4143 915 4200 iis
943 4160 1019 4218 quae
1048 4143 1078 4200 in
1108 4143 1322 4201 commentario
1350 4144 1388 4202 ad
1416 4163 1440 4200 c.
1462 4140 1566 4201 XCIX
1588 4161 1618 4218 p.
1640 4143 1696 4200 137

365 4241 559 4316 exposuimus
580 4243 615 4302 de
638 4263 717 4318 aqua
738 4245 856 4319 publica
879 4264 932 4320 per
955 4261 1058 4320 agrum
1081 4245 1231 4321 privatum
1253 4245 1396 4303 ducenda.

1396 4429 1454 4488 Tu.
1479 4430 1654 4489 blounsen.
