3488 5828
307 537 379 608 184
892 549 1040 610 unauna

303 731 429 802 monuit,
455 732 537 806 quod
564 730 728 790 conductor
754 741 816 790 tum
842 731 916 789 nihil
941 732 1002 791 fere
1032 731 1195 807 praebebat
1216 736 1334 806 praeter
1355 745 1441 787 usum
1464 725 1530 785 soli.
1579 721 1644 796 Qui

303 833 383 891 infra
404 853 432 892 v.
449 833 487 891 56
510 833 700 909 appellantur
714 836 835 910 flaturae
855 837 1016 910 arpentarii
1031 837 1142 893 aerarii
1161 831 1357 910 probabiliter
1377 829 1456 888 idem
1471 827 1640 886 Mommse-

303 953 361 994 nus
376 935 491 1011 putavit
506 953 565 993 non
581 935 718 995 diversos
741 953 808 997 esse
832 937 869 994 ab
891 937 947 1010 eis,
974 937 1025 1012 qui
1048 936 1181 996 scaurias
1204 935 1358 1014 pulverem
1379 931 1547 991 rutramina
1570 947 1642 1004 pur·

303 1055 373 1112 gare
391 1080 439 1097 ...
455 1038 597 1115 expedire
611 1039 748 1115 frangere
764 1058 883 1098 cernere
902 1039 1003 1098 lavare
1026 1041 1226 1115 susciperent3
1249 1037 1298 1096 hic
1313 1036 1390 1095 enim
1406 1035 1441 1092 de
1457 1052 1560 1112 opere,
1583 1031 1641 1089 illo

303 1140 370 1198 loco
385 1140 422 1197 de
437 1159 528 1218 opera
542 1141 649 1217 agitur.
692 1140 765 1199 Loci
780 1149 878 1200 autem
900 1141 944 1200 illi
967 1141 1028 1214 alii,
1051 1141 1128 1200 unde
1144 1140 1265 1199 metalla
1283 1138 1472 1218 proveniunt,
1496 1135 1642 1194 videntur

303 1241 458 1300 abertarnbi
484 1243 643 1320 appellari3
671 1243 713 1302 ita
742 1244 818 1302 enim
842 1263 874 1302 ea
896 1244 952 1302 alia
976 1243 1044 1302 lacis
1066 1244 1235 1338 aQie
1258 1262 1285 1301 v.
1303 1243 1341 1301 56
1369 1241 1447 1300 clare
1470 1237 1583 1315 legitur
1606 1236 1639 1293 in

303 1363 380 1402 aere.
457 1364 493 1403 oc
519 1345 699 1404 vocabalum
727 1355 808 1404 certa
834 1346 949 1404 ratione
975 1347 1107 1404 nondum
1135 1346 1314 1424 explicatum
1345 1351 1404 1415 est3
1438 1359 1535 1418 neque
1562 1355 1638 1396 vero

302 1447 470 1523 negandum
500 1448 589 1506 etiem
616 1447 725 1506 omisso
748 1449 955 1526 supplemento
983 1466 1018 1505 eo
1042 1450 1122 1526 quod
1145 1467 1238 1524 supra
1260 1445 1469 1525 proposuimus
1492 1441 1641 1500 abaram-

302 1548 380 1608 diaaa
395 1593 401 1606 .
416 1591 422 1606 .
437 1593 464 1606 ..
480 1550 597 1608 litteras
619 1550 679 1608 alio
696 1549 784 1616 modo
807 1568 898 1628 posse
914 1551 1064 1628 coniungi,
1088 1561 1120 1609 ut
1141 1571 1232 1610 unum
1255 1549 1354 1607 duove
1376 1548 1436 1606 alia
1458 1545 1528 1604 inde
1544 1563 1638 1601 voca-

302 1651 373 1720 bula
393 1652 609 1710 nanciscamur.
653 1652 765 1729 Aperte
793 1653 835 1710 ita
860 1653 1056 1730 designantur
1083 1653 1140 1712 loci
1163 1652 1263 1736 vicini,
1291 1627 1387 1728 neque
1408 1667 1480 1708 vero
1502 1648 1544 1706 ad
1570 1646 1640 1704 fisci

301 1753 424 1811 metalla
438 1755 630 1829 pertinentes,
653 1755 702 1813 ubi
718 1755 838 1812 metalla
852 1775 888 1812 ea
903 1754 1092 1828 effodiantur,
1115 1773 1243 1832 quaene
1265 1755 1463 1832 importantur
1477 1752 1537 1808 hoc
1559 1748 1640 1824 legis

301 1856 399 1932 capite
421 1868 557 1926 cavetur3
580 1855 658 1914 unde
674 1857 711 1913 ad
727 1857 870 1916 ubertatis
886 1858 1036 1915 notionem
1052 1858 1140 1917 facile
1155 1857 1300 1916 ducimur.
1343 1858 1442 1932 Atque
1458 1855 1593 1912 ubertare
1609 1861 1642 1908 et

301 1958 466 2018 adoraturae
490 1958 635 2016 vocabula
655 1959 812 2017 latinitatis
834 1961 1010 2019 recentioris
1028 1959 1178 2037 Ducangii
1200 1957 1381 2036 glossarium
1403 1956 1531 2026 indicat3
1554 1954 1640 2012 uber·

282 2071 346 2118 aas
372 2061 441 2118 inde
469 2061 592 2137 cogitari
618 2068 718 2138 potest
744 2061 866 2138 aliquod
893 2061 985 2121 fuisse
1011 2063 1198 2121 vocabulum.
1242 2061 1290 2118 Ad
1325 2061 1432 2118 taaabra
1463 2077 1536 2117 vero
1572 2059 1642 2116 sive

301 2162 400 2220 ambas
424 2161 575 2235 suffixum,
599 2173 630 2220 ut
644 2164 769 2237 videtur,
793 2163 1001 2240 explicandum
1021 2182 1075 2222 nec
1097 2164 1198 2223 amicis
1220 2183 1274 2222 nec
1296 2162 1368 2220 mihi
1391 2161 1486 2220 adhuc
1509 2159 1643 2236 contigit

301 2273 468 2323 monstrare
500 2266 645 2324 rationem
677 2266 872 2342 probabilem.
917 2265 1056 2326 Ceterum
1089 2286 1150 2346 non
1177 2285 1273 2345 pauca
1300 2264 1445 2324 vocabula
1471 2269 1524 2321 aut
1551 2269 1639 2320 certo

300 2367 460 2443 peregrina
489 2367 642 2444 (Hispana
670 2369 857 2445 potissimum
888 2376 918 2426 et
947 2369 1127 2446 Dalmatica)
1156 2376 1210 2427 ant
1237 2368 1385 2446 peregrini
1414 2366 1480 2426 soni
1507 2366 1540 2424 in
1568 2364 1640 2422 auri

300 2469 476 2546 argentique
497 2470 628 2529 metallis
651 2470 817 2530 obtinuisse
831 2490 847 2528 e
863 2470 963 2529 Plinio
986 2471 1101 2530 discere
1121 2472 1203 2530 licet:
1230 2475 1378 2547 apituceaa
1399 2471 1524 2544 arrugia
1546 2467 1643 2525 balaa

300 2569 381 2645 (sive
403 2571 519 2630 ballaca
541 2572 653 2631 codicis
676 2572 1062 2648 Theodosianix19,12)
1085 2577 1199 2650 canapi
1215 2573 1345 2650 palapae
1367 2573 1430 2630 sive
1448 2571 1643 2647 palaearaae

300 2675 449 2748 repetitam
477 2674 639 2733 talatatiam
667 2679 822 2735 tascoaiara
843 2679 947 2748 artata,
976 2676 1113 2734 audatia
1139 2677 1259 2752 paleaa5
1290 2675 1327 2733 ad
1349 2673 1471 2732 metalla
1489 2671 1643 2748 Hispana

299 2776 442 2854 pleraque
464 2777 613 2853 pertinere
635 2783 665 2836 et
686 2796 705 2835 a
719 2775 860 2837 Cornelio
877 2777 997 2836 Boccho
1020 2779 1166 2854 scriptore
1181 2777 1319 2855 Hispano
1342 2775 1451 2834 tradita
1472 2792 1543 2833 esse
1566 2792 1642 2851 pro-

299 2879 399 2938 babile
422 2889 505 2956 puto.

384 2979 446 3054 Qui
466 2980 605 3040 denarios
627 2982 658 3040 in
679 2981 779 3059 pondo
797 2993 914 3041 centnm
938 2982 1073 3060 singulos
1089 2983 1147 3040 hoc
1168 2982 1243 3060 legis
1266 2982 1363 3059 capite
1385 2986 1512 3039 statutos
1538 2978 1642 3054 (certa

300 3083 377 3141 onim
399 3083 490 3142 huius
512 3083 657 3142 enuntiati
684 3085 894 3162 supplementa
920 3083 1002 3160 snut)
1031 3078 1145 3143 statuta
1166 3085 1224 3156 die,
1250 3083 1281 3143 id
1304 3089 1350 3142 est
1374 3102 1410 3141 ea
1431 3081 1479 3140 die
1500 3099 1565 3157 qna
1588 3081 1642 3139 die

300 3187 402 3244 deberi
423 3193 559 3262 coeptum
575 3194 631 3260 est,
653 3205 713 3245 non
736 3187 858 3246 solverit
874 3187 990 3263 duplum
1006 3188 1076 3245 dare
1091 3186 1201 3259 debeto;
1224 3186 1266 3244 ita
1280 3185 1358 3244 enim
1378 3186 1442 3244 sinc
1461 3182 1554 3241 dnbio
1575 3184 1640 3240 tria

300 3304 331 3359 o,
360 3307 436 3364 qnae
465 3288 546 3347 clare
573 3287 712 3364 leguntur
737 3289 769 3346 in
797 3307 866 3347 aere
896 3287 937 3364 (v.
959 3287 997 3346 52
1015 3313 1052 3338 =
1067 3307 1095 3346 v.
1117 3289 1156 3347 45
1184 3287 1331 3365 posticae)
1359 3284 1539 3363 explicanda
1566 3303 1640 3344 esse

300 3407 392 3466 supra
419 3391 529 3448 monui.
584 3390 725 3466 Pignoris
753 3392 854 3468 captio
881 3390 930 3448 hic
957 3407 1076 3467 quoque
1105 3389 1279 3450 conductori
1307 3390 1403 3449 datur.
1458 3385 1641 3447 Commissa

299 3491 474 3551 conductori
501 3491 607 3550 deinde
633 3511 669 3550 ea
691 3500 790 3564 sunta,
817 3492 875 3550 nisi
903 3492 1035 3551 solutum
1058 3493 1115 3550 erit
1136 3492 1280 3569 quidquid
1302 3489 1472 3551 conductori
1494 3488 1638 3548 debitum

299 3595 365 3667 erit,
391 3613 468 3670 quae
490 3603 595 3653 canna
615 3593 805 3653 conductoris
827 3594 1016 3672 privilegium
1044 3595 1081 3652 ab
1108 3595 1175 3653 aliis
1195 3616 1212 3654 e
1234 3593 1360 3653 senariis
1386 3593 1509 3670 pulvere
1536 3601 1638 3650 rutra·

298 3698 430 3756 minibus
464 3695 548 3772 (nam
577 3715 746 3773 quanquam
776 3695 931 3754 brevitatis
961 3713 1052 3756 causa
1079 3697 1129 3754 lex
1159 3697 1195 3755 de
1225 3696 1351 3756 scauriis
1380 3695 1455 3754 solis
1484 3694 1638 3770 loquitur,

299 3799 397 3875 pulvis
429 3799 518 3858 etiam
551 3807 580 3856 et
611 3800 774 3858 rntramina
805 3799 869 3857 sine
897 3798 989 3856 dubio
1018 3798 1217 3875 intellegenda
1239 3799 1323 3875 sunt)
1346 3806 1375 3856 et
1397 3818 1435 3856 ex
1456 3796 1637 3872 lapicidinis

297 3908 433 3961 extracta
454 3909 553 3961 erunt:
577 3901 618 3978 (v.
635 3901 689 3976 53)
712 3902 791 3978 quod
811 3904 871 3960 eius
893 3903 1026 3959 scaenae
1043 3900 1213 3978 pu[rpatara
1229 3943 1318 3960 .....
1328 3899 1471 3976 srantara
1490 3897 1638 3957 locatam-

297 4022 350 4079 qae
377 4009 432 4064 erit
456 4008 539 4081 quiae
570 4004 680 4080 lapidea
710 4003 849 4062 lausiac
881 4004 1026 4079 expeditae
1051 4007 1082 4060 ia
1110 4003 1312 4080 lapiraedi[aia
1340 4002 1446 4077 nuath
1479 4001 1523 4059 ita
1551 4001 1638 4059 enim

298 4107 372 4165 satis
395 4107 592 4184 probabiliter
613 4105 737 4164 lacunae
760 4106 927 4181 explentur.

379 4207 487 4266 Restat
514 4207 651 4285 exceptio
680 4207 816 4266 similiter
845 4215 878 4265 ut
907 4225 999 4284 supra
1031 4207 1061 4266 in
1089 4208 1240 4266 tonstrina
1268 4207 1312 4282 Ι(ν.
1331 4207 1383 4283 39)
1416 4206 1495 4265 sacta
1525 4225 1637 4264 eornm

295 4308 393 4382 gratia
415 4308 456 4384 (v.
475 4309 545 4384 55),
571 4309 624 4384 qui
649 4309 681 4367 in
702 4309 828 4386 privatis
851 4309 958 4367 officiis
985 4317 1086 4388 agunt.
1131 4309 1269 4368 Flatores
1292 4309 1370 4368 enim
1396 4309 1467 4367 illos
1490 4316 1636 4384 argenta·

295 4409 358 4468 rios
386 4410 581 4487 aurariosque
607 4411 741 4486 privatos
768 4428 820 4468 eos
843 4412 980 4470 homines
1008 4429 1101 4488 supra
1123 4411 1186 4469 dixi
1208 4412 1302 4470 videri
1324 4410 1554 4490 intellegendos,
1577 4411 1637 4487 qui

294 4529 349 4586 per
370 4529 474 4570 servos
498 4514 777 4590 mercennariosque
800 4514 935 4572 scaurias
957 4513 1068 4571 metalli
1092 4513 1289 4589 Vipascensis
1311 4522 1440 4572 tractare
1467 4521 1520 4571 aut
1543 4530 1635 4571 scau·

294 4613 356 4670 rias
385 4613 498 4672 alienas
531 4615 572 4673 ibi
600 4633 729 4692 purgare
763 4615 973 4692 suscipiebant.
1018 4612 1158 4692 Suppleri
1192 4616 1283 4694 igitur
1315 4625 1443 4691 possunt
1475 4625 1528 4673 aut
1560 4634 1635 4673 cunr

295 4712 512 4776 Soromenio
535 4716 614 4774 servi
648 4717 814 4793 libertique,
843 4718 894 4792 qui
927 4717 1042 4776 flaturis
1076 4717 1264 4776 dominorum
1295 4729 1527 4794 patronorumve
1558 4725 1635 4793 apte

294 4818 484 4890 conveniunt,
511 4825 564 4877 aut
589 4819 680 4877 iidem
707 4819 758 4895 qni
786 4836 878 4897 supra
903 4819 1094 4878 nominantur
1121 4821 1200 4878 servi
1222 4821 1491 4897 mercennariique;
1514 4827 1634 4879 utrum·

293 4937 351 4994 que
373 4920 450 4979 enim
473 4920 714 4996 supplementum
736 4921 833 4996 spatio
856 4921 1004 4981 convenit.
1047 4921 1148 4980 Etiam
1176 4923 1398 4981 mercennarios
1426 4924 1478 4998 qui
1504 4924 1634 4982 mittunt

292 5032 438 5094 patronos
467 5023 525 5080 dici
552 5023 687 5097 potuisse
714 5033 946 5082 consentaneum
975 5031 1031 5082 est.
1076 5021 1165 5096 Quod
1191 5025 1222 5081 in
1245 5025 1303 5083 fine
1325 5024 1412 5101 posui
1435 5025 1631 5101 supplemen-

293 5131 356 5180 tum
383 5125 478 5200 magis
506 5124 636 5199 exempli
664 5143 756 5182 causa
777 5129 828 5199 qai
845 5127 963 5200 staturis
1046 5124 1173 5200 [operam
1195 5127 1276 5200 dant]
1306 5127 1450 5184 incertum
1480 5145 1547 5184 esse
1574 5129 1630 5184 vix

292 5234 340 5282 est
361 5226 444 5301 quod
465 5244 611 5285 moneam.
654 5226 704 5284 Illi
725 5227 817 5302 igitur
838 5227 966 5304 operarii
989 5229 1032 5285 ita
1054 5225 1255 5304 excipiuntur,
1278 5237 1311 5286 ut
1330 5245 1383 5286 eos
1398 5229 1535 5307 pignoris
1556 5227 1628 5286 loco

291 5323 456 5386 conductor
470 5346 578 5406 capere
593 5337 732 5406 nequeat,
748 5348 786 5388 ne
800 5328 911 5388 domini
932 5330 1089 5406 patronive
1111 5329 1236 5390 nimium
1259 5330 1397 5390 damnum
1422 5330 1583 5408 accipiant.
