3458 5820
342 508 509 560 sunnone
537 507 939 559 1usoa1r'nonvur0u1
967 506 1123 559 nomam.
1323 487 1398 558 275

66 683 304 742 24:906t-
322 684 358 740 A.
385 681 484 740 18351
519 681 734 758 Fragmentum
761 698 959 740 marmoreum
991 691 1141 758 repertum
1164 681 1205 740 ibi
1229 682 1279 740 ubi
1302 703 1330 740 n.
1348 681 1397 742 23.

110 785 203 844 sertor
224 795 327 844 extare
350 783 387 843 ad
409 793 429 843 t.
446 781 584 886 ‘Saturni
607 783 656 840 ubi
679 799 738 840 non
759 783 870 842 inveni.

669 918 796 962 oman
875 923 925 976 um

705 1020 799 1064 mvn
874 1025 925 1079 nm

64 1185 311 1244 25=toec.-
330 1187 367 1244 A.
394 1184 484 1243 1818.
520 1183 632 1260 Ingens
656 1184 855 1258 fragmentum
878 1201 1077 1242 marmoreum
1109 1185 1191 1258 quod
1228 1203 1306 1242 nune
1337 1185 1396 1243 fer·

107 1297 154 1346 tur
176 1289 273 1346 iacere
293 1287 330 1344 ad
353 1297 373 1344 t.
390 1283 522 1356 Saturni,
546 1285 595 1342 ubi
617 1304 676 1342 non
699 1286 809 1344 inveni.
843 1281 894 1344 ‘mi
922 1286 953 1344 fa
980 1294 1148 1362 sospettare
1169 1285 1341 1347 l’esistenza
1363 1287 1394 1345 di

107 1389 234 1466 qualche
259 1389 371 1464 grande
399 1388 516 1446 edifizio
545 1387 640 1444 dietro
667 1407 685 1444 a
710 1395 814 1462 queste
842 1387 899 1446 due
926 1388 1052 1472 colonne
1080 1406 1167 1446 verso
1194 1389 1225 1446 la
1247 1387 1394 1448 Consola-

105 1486 202 1550 zione‘
230 1491 314 1566 (dicit
342 1490 495 1548 columnas
523 1489 671 1563 basesque
697 1489 849 1547 latericias
878 1491 915 1547 ad
946 1485 1038 1547 ‘viam
1067 1485 1195 1548 saeram’
1224 1509 1316 1568 prope
1343 1511 1394 1550 eo·

105 1594 240 1652 lumnam
263 1592 362 1651 Foeae
388 1601 450 1648 tum
473 1591 618 1665 detectas)
645 1586 679 1647 ‘it
705 1591 882 1648 frammento
910 1592 939 1649 di
968 1611 1027 1650 una
1047 1593 1158 1668 grande
1182 1594 1340 1652 iscrizione
1362 1593 1392 1651 in

106 1713 220 1754 marmo
242 1695 282 1752 iri
305 1694 448 1752 ritrovato
471 1693 555 1768 largo
579 1692 657 1750 circa
679 1692 696 1748 3
721 1691 810 1769 palmi
838 1694 868 1750 in
891 1693 961 1771 ogni
983 1711 1070 1752 verso
1093 1714 1109 1752 e
1131 1695 1302 1753 altrettanto
1324 1713 1393 1772 pro-

104 1797 197 1855 fondo
225 1815 281 1856 con
308 1796 413 1855 lettere
440 1795 526 1872 quasi
550 1794 695 1870 quadrato
719 1793 751 1851 di
775 1795 884 1864 bueria,
906 1815 955 1853 ma
977 1815 1036 1854 non
1058 1796 1136 1855 della
1157 1796 1276 1874 miglior
1297 1797 1394 1854 forma

104 1899 238 1958 ricarate
271 1897 351 1957 nella
382 1897 480 1975 pietro
513 1915 603 1955 senaa
629 1891 829 1954 metallo...'
861 1897 924 1955 Fea
950 1897 1074 1956 Varietia
1097 1898 1127 1955 di
1154 1899 1264 1957 notizie
1291 1917 1319 1974 p.
1337 1897 1390 1956 72:

102 2001 180 2059 idem
203 2017 360 2061 mensuras
380 1998 546 2057 litterarum
569 1997 690 2056 addidit.
734 2006 841 2075 postea
862 1998 958 2057 deser.
979 1999 1174 2060 Kellermann
1196 2001 1275 2059 Bull.
1301 2000 1391 2072 1835,
1433 2067 1435 2074 ‚

103 2103 142 2161 35
165 2113 195 2162 et
218 2103 351 2174 Horren,
375 2119 464 2177 quem
487 2118 605 2177 sequor,
628 2101 769 2175 quoniam
791 2099 958 2161 describere
980 2120 1038 2160 non
1061 2103 1153 2180 potui.

219 2241 224 2342 p
556 2219 628 2290 Fea,
651 2239 716 2279 nnc.
812 2219 958 2280 Kellerm.
982 2241 1048 2282 une.
1092 2221 1228 2294 Henzen,
1250 2230 1333 2282 metr.

172 2343 220 2398 Qu
247 2345 284 2384 ι·
309 2341 354 2382 tra
663 2323 680 2382 9
885 2323 944 2401 103
1168 2325 1239 2396 0‚19

216 2445 224 2484 ι
245 2443 265 2484 v
277 2445 302 2485 m
315 2445 322 2484 r
335 2443 356 2484 Ν
688 2443 694 2456 ‘
904 2424 944 2502 81}
1167 2427 1238 2498 0,16

211 2549 221 2588 (
242 2544 388 2587 vesun
903 2526 944 2604 81}
1166 2527 1238 2598 0‚16

214 2647 339 2689 recte
903 2629 943 2706 81}
1166 2629 1237 2700 0‚16

219 2712 373 2727 “““”
550 2712 799 2810 'par—arg:
814 2751 852 2790 m.
875 2731 945 2804 0‚73

98 2856 212 2914 litteras
244 2874 263 2913 a
294 2861 379 2930 parte
407 2854 530 2912 sinistra
563 2853 714 2910 fracturae
741 2851 872 2928 integras
902 2850 1011 2910 dedere
1038 2850 1102 2909 Fea
1134 2861 1163 2908 et
1190 2851 1387 2914 Kellermann

97 2957 171 3031 (nisi
194 2955 275 3032 quod
302 2957 351 3013 hic
373 2973 392 3013 a
414 2965 484 3013 tune
506 2954 557 3011 vix
580 2953 702 3028 agnosci
732 2962 858 3011 testatus
881 2953 957 3028 est);
984 2954 1046 3011 v.3
1071 2953 1204 3012 ultimam
1227 2973 1253 3013 m
1275 2955 1388 3015 faciunt

95 3059 293 3118 Kellermann
317 3054 445 3134 (‘potius
467 3075 492 3115 ru
514 3075 602 3132 quam
626 3051 678 3130 n’)
701 3064 730 3111 et
746 3053 880 3125 Homer,
903 3072 924 3112 Ν
948 3055 1018 3113 Fea.
1035 3089 1074 3099 -
1091 3054 1387 3116 ConiunxitKeller-

96 3181 187 3220 mann
210 3179 276 3219 eum
299 3179 328 3218 n.
345 3159 394 3219 26.
418 3179 444 3216 v.
469 3156 581 3217 Comm.
606 3157 623 3214 1.
642 3176 667 3214 e.
685 3190 722 3198 —
740 3156 788 3214 26.
813 3156 851 3215 27
876 3157 913 3214 ad
935 3157 1078 3216 basilicae
1100 3157 1194 3216 Iuliae
1216 3160 1387 3238 inscriptio-

95 3282 163 3322 nem
185 3263 334 3339 pertinere
357 3261 467 3319 iniuria
487 3267 638 3337 putantur.
682 3258 719 3317 cf.
743 3279 771 3318 n.
789 3259 836 3318 27.

53 3437 359 3500 26:1269.—A.
387 3437 475 3496 1835.
511 3433 636 3512 ‘Ingens
672 3453 779 3494 saxum
806 3455 1004 3495 marmoreum
1037 3437 1170 3514 epistylii
1207 3449 1239 3496 ut
1269 3440 1386 3499 videtur

93 3541 202 3600 litteris
230 3539 401 3616 permagnis
429 3557 490 3615 rep.
514 3558 540 3596 a.
567 3537 645 3596 1835
673 3537 711 3594 ad
737 3537 834 3596 forum
865 3539 895 3596 in
925 3538 1050 3598 basilica
1077 3535 1167 3598 Iulia'
1188 3539 1383 3602 Kellermann

93 3643 174 3702 Bull.
199 3643 276 3701 1835
305 3662 334 3718 p.
356 3641 405 3699 35.
448 3649 531 3698 extat
560 3660 652 3716 propo
681 3639 849 3698 columnam
880 3640 988 3700 Focae.
1032 3641 1153 3718 longum
1182 3652 1228 3701 est
1256 3663 1294 3701 m.
1312 3643 1381 3716 243

94 3745 261 3821 (dimensus
283 3753 331 3802 est
351 3741 517 3818 Droysen).
562 3741 618 3798 fuit
639 3742 739 3798 aeneis
762 3741 869 3798 litteris
892 3763 969 3802 nune
991 3743 1127 3802 sublatis.

375 3879 825 3888 Ἥ-

372 3889 396 4015 N

403 4002 548 4012 -——-—.

398 4016 502 4099 ¹—S-E-l!
518 4053 855 4101 .·.-Τ.“,’.Ξ-ὶΘ-Ρ-ν-Ι.ΛΙ
868 4067 920 4106 aque
945 4063 1049 4096 romanus

92 4177 326 4236 Kellermannus
354 4177 373 4235 1.
397 4197 437 4236 c.:
471 4173 514 4235 ‘di
543 4189 648 4254 questa
676 4179 799 4236 basilica
827 4196 886 4234 non
916 4176 955 4232 ha
983 4177 1068 4252 guari
1098 4179 1124 4232 si
1154 4177 1169 4234 d
1198 4185 1314 4236 trovato
1343 4200 1381 4238 un

92 4289 196 4338 troneo
219 4279 248 4336 di
271 4297 385 4336 marmo
408 4279 500 4356 lungo
523 4281 615 4355 palmi
642 4281 679 4337 10
706 4281 791 4338 oncie
819 4281 836 4338 5
859 4285 1072 4355 appartenente
1100 4273 1149 4335 all’
1171 4279 1339 4340 architrave
1365 4304 1382 4342 e

90 4383 308 4459 precisamente
330 4399 349 4438 a
364 4383 463 4456 quella
485 4389 569 4458 parte
591 4381 640 4439 del
654 4381 815 4440 medesimo
838 4381 893 4438 ehe
915 4389 1079 4438 conteneva
1099 4380 1121 4437 il
1143 4381 1291 4458 principio
1310 4385 1379 4444 dell'

89 4483 250 4542 iscrizione
277 4483 435 4560 scolpitavi
464 4484 527 4541 cosi
555 4483 737 4542 rilevandosi
766 4483 846 4542 dalla
873 4481 1077 4559 disposicione
1107 4484 1185 4560 degli
1213 4489 1380 4546 ornamenti

91 4585 308 4644 architettonici
336 4603 419 4644 come
446 4585 524 4643 dalle
551 4585 654 4643 lettere
682 4595 779 4644 stesso
801 4584 955 4662 intagliate
981 4583 1028 4642 nel
1051 4603 1175 4658 marmo‚
1198 4588 1276 4647 delle
1299 4590 1380 4666 quali

89 4686 163 4764 peri)
186 4687 216 4745 in
237 4695 344 4762 questo
367 4696 471 4746 tronco
493 4706 554 4745 non
576 4705 651 4744 sono
667 4695 825 4746 contenute
848 4688 902 4746 che
924 4687 952 4745 le
974 4687 1053 4764 parti
1076 4689 1232 4764 superiori,
1256 4691 1277 4748 il
1297 4701 1379 4750 resto

91 4789 220 4847 essendo
247 4798 324 4848 stato
352 4789 480 4862 scolpito
507 4789 536 4848 in
560 4809 600 4847 un
622 4791 698 4848 altro
721 4798 835 4863 moneo,
861 4790 882 4848 il
904 4790 993 4866 quale
1014 4809 1074 4848 non
1102 4791 1128 4848 si
1151 4791 1166 4848 3
1189 4799 1304 4850 trovato
1326 4812 1379 4851 an·

88 4909 168 4949 cora.
212 4889 395 4949 l’iscriziene
417 4890 538 4968 dunque
560 4911 620 4950 non
637 4892 701 4950 dice
725 4894 802 4952 altro
826 4894 879 4950 ehe
897 4936 903 4950 .
921 4937 927 4950 .
945 4935 952 4950 .
968 4893 997 4950 le
1019 4893 1121 4950 lettere
1144 4910 1219 4951 sono
1241 4893 1377 4952 incurate

87 4992 169 5051 nella
190 4993 288 5068 pietra
313 5012 367 5069 per
395 5001 535 5052 contener
561 4994 588 5053 le
614 4995 687 5052 eifre
715 4995 745 5052 di
773 4995 894 5055 metallo
923 4995 977 5053 che
999 4999 1197 5052 anticamente
1220 4995 1248 5051 ri
1270 4995 1376 5054 furono

86 5089 212 5153 aftisse'.
257 5095 340 5153 addit
361 5095 475 5154 litteras
499 5115 520 5154 Ν
544 5105 616 5154 etv
638 5097 675 5154 ad
697 5099 841 5156 amussim
869 5115 997 5174 aequare
1019 5113 1188 5154 mensuram
1211 5097 1375 5157 litterarum

84 5197 246 5272 fragmenti
268 5215 358 5272 supra
380 5198 465 5255 relati
489 5197 585 5266 (1.25,
608 5199 677 5257 item
701 5219 832 5258 marmor
854 5216 920 5258 esse
943 5197 1062 5275 generis
1086 5197 1228 5257 eiusdem.
