3488 5828
576 1047 634 1102 m,
656 1049 675 1101 Ξ
783 1026 825 1068 xv
853 1025 931 1069 vsro
953 1025 1013 1070 cos

575 1149 635 1205 o,n
656 1116 682 1166 κ’
777 1129 846 1171 rurs
870 1127 931 1171 ror
976 1127 1061 1172 ronr
1083 1129 1149 1170 nux

575 1251 635 1304 o‚22
653 1271 671 1300 ν
762 1230 829 1271 ress
877 1231 1000 1273 vxsxru
1021 1230 1102 1272 xxxv
1124 1230 1264 1272 rxravvu

862 1640 998 1682 assant
1035 1639 1266 1685 nontrtarto

784 1745 846 1786 AVG
873 1701 1055 1784 camiaco
1087 1743 1170 1787 ΡΟΝΤ
1198 1745 1264 1786 ΜΑΧ

783 1847 850 1888 Tuis
875 1843 933 1887 ΡΟΤ
955 1843 982 1885 ΙΙΙ
1006 1845 1058 1886 ild?
1073 1847 1103 1887 Vl
1119 1845 1178 1889 COS
1195 1846 1215 1887 X
1231 1846 1263 1887 Pl‘

875 1947 1001 1989 VRBANA
1021 1945 1103 1989 XXXV
1125 1947 1263 1990 TRleVbl

355 2240 464 2318 quodsi
488 2239 592 2297 titulus
615 2238 788 2298 Domitiano
817 2259 849 2298 re
871 2258 943 2298 vera
970 2240 1124 2299 dedicatus
1146 2241 1245 2312 fuerit,
1268 2241 1348 2316 quod
1369 2260 1447 2299 nunc
1471 2261 1597 2318 quoquc
1617 2243 1678 2299 mihi

355 2344 472 2401 videtur
494 2343 568 2400 satis
595 2351 707 2400 certum
730 2360 806 2413 esse,
840 2350 938 2400 tamen
971 2361 1049 2400 nunc
1080 2343 1275 2402 confidentius
1307 2361 1396 2419 qnam
1424 2343 1499 2401 olim
1527 2345 1587 2403 feci
1612 2361 1678 2420 nego

354 2465 422 2504 eum
445 2461 511 2502 asse
533 2445 680 2519 equestris
703 2452 832 2514 statuae,
860 2445 988 2520 primum
1015 2462 1067 2502 eas
1093 2445 1132 2502 ob
1153 2462 1258 2504 causas
1284 2463 1360 2521 quas
1382 2446 1514 2521 exposui
1537 2447 1559 2504 l.
1584 2466 1608 2504 c.
1629 2445 1677 2520 (ni-

357 2549 463 2606 mirum
486 2546 626 2604 carminis
649 2539 778 2607 Statiani
804 2547 896 2606 verba
923 2563 1011 2624 aegre
1037 2547 1232 2605 conciliantur
1259 2567 1325 2606 cum
1355 2546 1549 2607 dedicatione
1571 2549 1676 2607 fauna

356 2650 443 2728 plebe
465 2650 580 2708 urbana
594 2649 633 2707 ob
655 2648 756 2708 datum
773 2647 982 2725 congiarium),
1005 2647 1111 2707 deinde
1134 2648 1172 2707 ob
1194 2667 1245 2708 aas
1268 2667 1373 2708 causas
1395 2668 1472 2725 quas
1495 2669 1590 2726 supra
1610 2651 1675 2707 edis·

356 2751 475 2811 sertavi.
520 2751 651 2810 tabulam
678 2751 799 2828 longam
826 2750 920 2809 fuisse
949 2749 1067 2808 circiter
1088 2769 1126 2807 m.
1144 2751 1194 2824 3,0
1216 2759 1356 2828 apparet3
1378 2751 1477 2809 latera
1498 2753 1611 2812 baseos
1632 2751 1674 2810 mi·

355 2873 429 2912 nora
450 2853 512 2911 lats
533 2851 627 2912 fuisse
653 2871 691 2910 m.
709 2853 758 2924 6,Ο
780 2852 962 2912 videbimus:
990 2853 1067 2911 unde
1093 2851 1219 2912 efficitur
1247 2863 1281 2911 nt
1301 2853 1398 2930 possit
1426 2853 1482 2911 illa
1502 2855 1574 2912 hnic
1595 2854 1674 2912 affixa

358 2954 462 3028 fnisse,
484 2974 544 3013 non
567 2963 600 3012 ut
621 2971 681 3012 non
701 2954 799 3032 possit
819 2973 879 3013 non
901 2953 1003 3014 luisse.
1048 2963 1177 3014 ceterum
1204 2955 1411 3031 fragmentum,
1438 2956 1525 3015 cuius
1554 2957 1673 3032 reliquae

354 3065 454 3135 partos
476 3075 535 3116 non
557 3075 760 3134 comparuere,
783 3067 933 3132 repertum
956 3065 1000 3115 est
1022 3057 1059 3114 ad
1082 3056 1246 3115 aediticium
1268 3057 1365 3116 medio
1388 3075 1463 3115 aevo
1485 3059 1590 3118 multis
1611 3057 1672 3116 snti-

355 3178 482 3235 quorum
515 3159 718 3218 aedificiorum
751 3157 859 3234 spoliis
887 3165 1103 3219 constructum:
1137 3159 1237 3236 itaque
1267 3159 1334 3235 quis
1366 3160 1516 3236 spondeat
1550 3161 1672 3238 proximo

357 3261 431 3320 olim
454 3267 642 3319 monumento
665 3262 828 3319 detractum
850 3259 933 3320 esse?

441 3362 576 3420 Titulum
598 3363 687 3441 igitur
715 3369 832 3421 statuae
858 3361 1004 3439 equestris
1027 3361 1193 3421 Domitiani
1220 3369 1323 3422 extare
1351 3363 1461 3422 iniuria
1488 3363 1671 3424 contenditm.

360 3464 396 3523 de
423 3465 490 3542 ipsa
515 3465 582 3524 basi
609 3465 640 3522 in
663 3463 820 3524 Relatione
848 3485 875 3524 a.
901 3464 978 3523 1873
1001 3483 1030 3540 p.
1047 3463 1084 3520 71
1100 3482 1122 3521 s.
1145 3463 1219 3523 haec
1240 3463 1393 3541 leguntur:
1424 3483 1508 3524 verso
1530 3467 1555 3523 il
1576 3469 1672 3525 tensas

353 3567 425 3638 ¹deli'
454 3585 528 3625 anno
557 3567 636 3625 1872
663 3566 815 3626 s’incontrb
844 3586 882 3625 un
906 3584 980 3642 prun
1000 3565 1098 3624 nucleo
1121 3567 1152 3623 di
1172 3571 1344 3627 sostrsuions
1366 3587 1380 3625 a
1401 3569 1432 3625 di
1445 3571 1549 3644 sonno
1571 3569 1672 3646 pundo

360 3668 450 3744 iunpa
476 3687 511 3727 sn
537 3672 584 3727 cni
609 3669 656 3727 nal
680 3671 770 3728 medio
792 3687 841 3728 evo
867 3672 963 3728 nansi
988 3670 1196 3744 confiaamante
1221 3680 1406 3745 sourapposts
1430 3680 1547 3744 panaro
1574 3673 1670 3730 colonas

361 3772 392 3829 di
411 3770 502 3846 piatio
525 3775 627 3830 antico.
669 3771 717 3830 nel
737 3772 884 3830 nmooalc
906 3770 957 3828 dui
978 3778 1062 3847 posto
1085 3788 1140 3846 per
1166 3771 1383 3831 determinaret
1405 3771 1490 3828 limiti
1513 3769 1672 3848 preasidii

359 3873 459 3931 nucleo
490 3877 516 3931 si
542 3874 606 3930 vids
633 3874 680 3932 cbo
708 3881 804 3949 questo
831 3891 882 3930 ora
902 3875 1101 3930 internomente
1128 3875 1266 3932 costitnito
1294 3875 1333 3930 do
1347 3875 1423 3947 sorti
1445 3874 1556 3933 biccclti
1577 3877 1607 3932 di
1626 3885 1671 3932 tro·

359 3979 468 4033 verlino
497 3975 680 4035 solidamenta
706 3977 849 4051 coaptanti
867 3977 923 4051 sro
949 3975 1010 4032 loro
1033 3993 1089 4050 per
1109 3992 1196 4032 mezzo
1220 3977 1251 4033 di
1264 3976 1362 4050 ferree
1380 3993 1505 4052 propps.
1549 3987 1614 4036 tatto
1633 3968 1670 4032 all

360 4081 473 4134 intorno
503 4079 609 4136 άουευα
636 4096 726 4137 essere
753 4080 927 4136 circosoritto
954 4077 993 4135 da
1019 4095 1058 4134 un
1083 4095 1158 4152 pron
1176 4077 1264 4151 podio
1284 4095 1441 4136 marmoreo
1464 4078 1525 4138 atu
1548 4083 1621 4138 circo
1640 4075 1670 4134 60

362 4183 481 4252 contin,
502 4183 514 4237 i
536 4183 582 4238 cui
603 4183 680 4238 varii
701 4179 811 4238 bloccbi
831 4182 858 4237 si
879 4177 1037 4237 roccolaero
1060 4181 1278 4255 scompopinati,
1303 4197 1350 4236 ma
1370 4182 1464 4238 viano
1488 4182 1520 4239 ai
1542 4183 1613 4240 datto
1632 4199 1670 4236 nu-

363 4280 431 4338 cleo.
476 4281 503 4338 lo
526 4291 600 4341 stato
622 4280 730 4340 attuulc
758 4281 789 4338 di
817 4298 877 4338 esso
899 4283 1009 4338 misera
1035 4283 1066 4337 oi
1087 4281 1141 4339 due
1164 4282 1217 4339 lati
1237 4285 1377 4358 maggiori
1398 4301 1458 4339 una
1481 4281 1670 4359 lunpbezzudi

363 4385 443 4440 metr-t
465 4382 543 4442 7.20
565 4401 578 4440 e
600 4386 631 4441 di
656 4385 683 4442 l.
698 4384 737 4443 20
764 4387 795 4440 oi
815 4386 933 4440 minori:
960 4381 1090 4440 l'cltezaa
1117 4386 1260 4458 meppiam
1281 4385 1295 4440 ὲ
1316 4384 1447 4442 dimetri
1469 4385 1554 4443 1.15.
1597 4392 1670 4443 tenuta

361 4493 442 4542 conto
461 4504 533 4560 poro
557 4487 602 4543 dei
623 4486 731 4544 bloccln
752 4487 782 4542 in
797 4503 904 4542 marma
926 4485 974 4543 cie
995 4488 1180 4544 costituiuano
1204 4485 1230 4542 io
1251 4485 1362 4544 zoccolo
1384 4486 1431 4544 del
1451 4485 1621 4557 documento,
1638 4485 1670 4542 ul·

362 4589 428 4644 cuni
449 4587 494 4644 dai
518 4587 599 4662 puali
618 4591 762 4646 misnrano
781 4605 839 4645 una
855 4587 1004 4663 larplrszaa
1019 4588 1111 4646 madia
1130 4588 1160 4644 di
1175 4606 1210 4644 m.
1226 4586 1415 4659 0,80edun’
1430 4588 1585 4648 alterandi
1601 4590 1627 4648 6.
1639 4585 1670 4646 60

363 4707 511 4764 compress
534 4689 563 4746 lo
580 4692 699 4762 cornice,
722 4693 747 4748 si
766 4707 889 4765 possano
911 4693 1043 4748 nicanore
1065 4690 1091 4747 la
1106 4690 1272 4747 dimensioni
1293 4692 1534 4766 approssimatioc
1557 4691 1621 4750 dell'
1638 4693 1669 4746 ir·

365 4794 435 4848 tiero
454 4791 626 4866 piadestallo
648 4795 679 4849 in
699 4794 780 4849 mebi
799 4791 840 4849 10
862 4809 950 4866 sopra
974 4791 1000 4850 6.
1038 4790 1074 4848 cf.
1099 4809 1190 4868 snpra
1211 4810 1236 4849 c.
1260 4791 1284 4847 Ι.
1329 4791 1375 4850 his
1397 4791 1479 4868 quod
1502 4793 1606 4852 addam
1627 4807 1670 4850 non

363 4892 469 4964 habeo,
497 4893 554 4951 nisi
582 4893 661 4970 quod
687 4893 718 4951 in
744 4913 776 4952 re
803 4894 952 4970 praesenti
979 4892 1173 4970 longitudinis
1199 4893 1343 4968 pristinae
1369 4913 1512 4954 mensura
1531 4895 1601 4954 mihi
1622 4893 1671 4950 visa

364 5002 410 5053 est
430 4995 523 5054 fuisse
546 4995 681 5067 m.8,75
704 5003 734 5054 et
755 4994 834 5072 quod
861 5005 924 5052 tota
946 4995 1027 5052 basis
1058 4996 1141 5054 item
1172 4997 1221 5053 uti
1244 4997 1368 5073 plutas
1389 4998 1609 5074 anaglyphis
1629 5013 1669 5052 or·
1722 5025 1723 5070 p

361 5104 447 5154 nata
473 5097 665 5156 tiburtinis
693 5096 898 5173 lapidibus,
928 5097 1064 5172 quibus
1091 5116 1174 5155 arca
1199 5097 1270 5155 fori
1296 5106 1412 5156 strata
1432 5107 1501 5170 ast,
1525 5095 1667 5158 artificio

362 5198 437 5256 nisi
463 5199 578 5258 fallor
604 5198 767 5276 pessimo
794 5199 969 5275 imposita
996 5209 1063 5256 est:
1093 5207 1124 5257 ut
1149 5200 1255 5275 quovis
1281 5200 1402 5276 pignore
1425 5201 1599 5260 contendam
1618 5213 1667 5256 san
