3488 5828
379 552 547 606 0111000
574 550 865 605 msoarrrrouvu
891 549 976 602 nour
1001 549 1157 601 aounur.
1356 528 1428 598 251

98 727 215 786 abhoc
237 726 382 786 laterculo
404 727 511 786 abesse
533 727 615 784 volui
638 725 752 803 aliquot
772 733 1032 784 monumentorum
1048 723 1235 800 publicorum
1257 722 1430 797 fragmenta,

98 831 137 888 de
160 830 269 906 quibus
291 829 370 888 inira
391 828 545 888 dicendum
568 837 624 901 est,
651 829 720 888 item
747 827 877 886 frustula
902 839 949 885 sat
976 827 1070 885 multa
1091 826 1145 884 illa
1167 845 1243 902 quae
1265 825 1360 901 ipsius
1383 824 1431 881 lit·

98 943 248 991 teraturae
269 950 376 1008 genere
399 931 527 990 saeculis
550 931 661 990 infimis
684 930 752 988 inde
775 951 793 988 a
815 930 894 988 tertii
910 929 992 987 exitu
1015 929 1212 986 vindicantur.
1256 927 1315 984 iarn
1335 927 1432 985 obiter

97 1034 272 1112 inspicienti
299 1034 455 1111 apparebit
483 1053 584 1091 verum
612 1051 679 1091 esse
707 1033 736 1090 id
760 1033 840 1108 quod
867 1031 1092 1109 supradictum
1115 1040 1170 1100 est,
1197 1031 1302 1088 horum
1326 1047 1430 1086 monu-

98 1145 266 1195 mentorum
289 1136 406 1194 circiter
425 1137 590 1212 nonaginta
610 1145 724 1213 partem
747 1136 809 1193 sere
830 1134 983 1192 dimidiam
1005 1134 1095 1191 aetati
1112 1133 1274 1190 Antoninis
1296 1131 1432 1189 inferiori

98 1239 212 1310 deberi,
234 1239 316 1297 nulla
337 1239 460 1296 omnino
483 1257 641 1314 superesse
669 1238 706 1295 de
731 1237 917 1312 temporibus
941 1236 1052 1294 liberae
1075 1235 1266 1311 reipublicae,
1293 1233 1381 1292 unius
1405 1233 1430 1290 si

98 1341 236 1416 excipias
259 1340 385 1400 Fabiani
412 1359 501 1399 arcus
529 1341 633 1398 titulos
661 1359 808 1416 unumque
835 1349 990 1416 praeterea
1016 1338 1130 1396 duosve
1156 1338 1270 1408 titulos,
1298 1337 1349 1412 qui
1371 1335 1432 1393 sor·

100 1451 184 1501 tasse
206 1452 274 1500 ante
291 1443 420 1518 Augusti
444 1442 641 1518 principatum
663 1443 778 1500 exarati
802 1443 871 1514 sint,
894 1443 951 1499 hoc
973 1451 1027 1514 est,
1051 1440 1172 1498 omnino
1192 1438 1304 1498 nullum
1328 1447 1430 1496 extare

100 1545 214 1603 saeculi
246 1546 364 1621 septimi
397 1546 480 1602 exitu
513 1546 649 1603 octavive
682 1546 768 1603 initio
802 1545 1008 1620 antiquiorem.
1052 1544 1159 1619 quibus
1192 1541 1312 1618 quidem
1342 1541 1430 1598 rebus

99 1648 214 1723 optime
240 1647 427 1706 illustrantur
453 1646 677 1706 vicissitudines
704 1647 840 1705 fortunae
868 1664 942 1722 quas
967 1645 1191 1704 celeberrimum
1219 1643 1301 1702 urbis
1333 1643 1430 1699 locum

99 1750 218 1808 subisse
240 1749 392 1808 annalium
415 1751 559 1808 memoria
580 1758 715 1808 testatur.
733 1782 771 1830 ᾗ·-
788 1749 895 1807 deinde
922 1749 996 1807 satis
1024 1755 1141 1806 constat
1167 1748 1244 1804 inter
1272 1745 1374 1803 titulos
1400 1743 1431 1802 in

98 1851 169 1909 foro
190 1861 325 1928 repertos
347 1851 441 1910 latere
463 1852 610 1927 quosdam
633 1851 683 1927 qui
706 1851 828 1910 aliunde
851 1869 886 1908 eo
909 1851 999 1908 delati
1023 1851 1095 1908 sint:
1119 1858 1190 1908 sunt
1211 1856 1309 1906 autem
1333 1846 1432 1924 sepul·

100 1953 199 2014 crales
221 1963 288 2012 octo
312 1953 355 2029 (n.
372 1953 421 2012 86.
447 1955 514 2012 138.
542 1955 609 2014 139.
636 1955 703 2011 147.
728 1955 796 2011 150.
823 1954 891 2012 158.
917 1953 985 2012 189.
1011 1952 1083 2028 197)
1110 1952 1219 2028 reperti
1246 1968 1368 2009 omnes
1394 1949 1431 2007 in

101 2074 189 2116 area
211 2055 280 2114 fori
300 2056 369 2114 inde
391 2075 409 2114 a
431 2057 569 2116 columna
589 2055 689 2115 Foeae
711 2075 806 2132 usque
838 2057 875 2114 ad
908 2056 1050 2132 templum
1075 2054 1136 2112 divi
1159 2054 1230 2112 lulii
1262 2053 1432 2129 (christiani

100 2158 233 2217 hominis
262 2176 338 2217 unus
363 2159 450 2233 150),
484 2177 543 2235 quo
566 2159 691 2218 coniecti
726 2166 797 2217 sunt
816 2177 883 2216 cum
906 2159 1031 2216 materia
1064 2155 1195 2232 undique
1217 2176 1255 2214 ex
1277 2156 1431 2215 111110001-

99 2260 180 2318 lecta
200 2262 330 2319 maxime
353 2268 486 2337 tempore
509 2260 587 2321 Sixti
604 2261 688 2338 V(v.
705 2260 820 2336 supra).
868 2280 926 2319 non
950 2267 1068 2318 constat
1093 2278 1154 2335 quo
1177 2269 1310 2334 tempore
1333 2259 1362 2316 in
1385 2277 1431 2316 ec·

99 2362 225 2420 clesiam
248 2361 304 2424 SS.
328 2361 424 2438 Sergii
446 2375 476 2420 01
497 2363 607 2422 Bacchi
630 2363 780 2422 conditam
803 2364 922 2422 sacculo
945 2371 1061 2432 octavu,
1094 2363 1222 2420 dirutam
1257 2371 1289 2419 ut
1315 2361 1432 2418 videtur

99 2464 181 2522 inter
202 2481 296 2523 annos
322 2465 400 2523 1539
423 2474 453 2524 01
475 2466 524 2524 Ρ11
546 2466 591 2524 IV
613 2467 815 2542 pontificatum
844 2463 955 2540 (1559)
989 2465 1177 2542 pervenerint
1198 2464 1330 2539 quinque
1352 2463 1431 2521 tituli

101 2567 289 2642 sepulcrales
311 2568 498 2626 Mazochiani
521 2567 638 2645 (Epigr.
661 2588 690 2625 n.
717 2567 799 2642 118).
848 2577 939 2643 atque
960 2587 1050 2625 uuum
1073 2568 1193 2642 quidem
1214 2565 1334 2623 illorum
1363 2563 1432 2638 (80)

102 2667 244 2728 traditum
277 2679 324 2730 est
355 2681 471 2730 erutum
505 2688 573 2729 esse
601 2670 683 2745 dupli
704 2671 830 2728 aeoricln’
850 2670 923 2728 uelle
941 2674 1023 2744 parti
1044 2671 1190 2744 superiori
1212 2667 1259 2724 del
1280 2670 1379 2741 lampio
1402 2667 1432 2722 di

105 2769 207 2830 Gialio
232 2770 791 2848 0001010,1111010111(158)111001111111
815 2771 910 2830 luisse
932 2771 1131 2830 aedificationi
1155 2770 1244 2828 medii
1278 2770 1359 2826 aevi:
1393 2769 1431 2825 si-

101 2875 188 2934 milia
210 2877 235 2934 si
259 2877 294 2935 de
316 2877 411 2935 titulis
434 2876 501 2935 aliis
523 2885 641 2953 praeter
672 2875 857 2953 sepulcrales
889 2875 999 2933 tradita
1020 2885 1132 2946 essent,
1166 2893 1237 2933 sane
1260 2873 1430 2932 accuratius

101 2981 255 3055 cognitum
277 2979 457 3038 haberemus
481 2998 518 3036 an
551 2978 639 3055 plura
660 2978 839 3055 generisque
861 2979 971 3039 diversi
1005 2981 1173 3056 fragmenta
1195 2999 1214 3036 a
1247 2979 1313 3038 1010
1336 2976 1435 3035 aliena

102 3080 135 3137 in
158 3081 214 3139 hac
236 3081 352 3159 sylloge
374 3093 522 3142 extarent.
566 3091 597 3141 at
619 3103 654 3141 ea
676 3093 705 3140 et
726 3081 783 3140 fuit
804 3093 833 3140 et
855 3103 934 3142 nunc
955 3085 1017 3144 fere
1039 3093 1085 3142 est
1106 3083 1260 3141 bominum
1283 3081 1432 3150 socordia,

102 3193 137 3240 ut
161 3184 210 3242 vix
232 3185 278 3244 bis
300 3193 383 3244 terve
405 3186 505 3245 verbis
532 3187 621 3244 certis
649 3186 823 3244 adnotatum
850 3187 987 3263 legamus
1015 3194 1112 3246 utrum
1140 3190 1169 3246 in
1196 3188 1264 3264 ipsa
1285 3187 1341 3245 lori
1364 3203 1435 3244 area

101 3305 142 3342 an
169 3287 244 3344 iuter
269 3297 379 3346 terram
405 3289 620 3364 materiamque
649 3290 797 3365 ingentem
826 3289 951 3365 insuper
979 3300 1152 3368 congestam
1175 3291 1289 3370 lapides
1312 3289 1434 3349 litterati

100 3388 249 3447 iacuerint
275 3389 339 3466 (70.
365 3389 433 3449 158.
460 3391 542 3467 154).
585 3391 663 3448 idern
692 3391 848 3450 dicendum
878 3392 914 3450 de
947 3393 1094 3452 columnis
1122 3396 1230 3454 statuis
1253 3395 1349 3472 cippis
1372 3395 1433 3454 aris

100 3497 148 3548 101
174 3491 301 3566 denique
326 3511 505 3551 marmorum
533 3493 717 3570 fragmentis,
745 3512 822 3569 quae
849 3501 947 3553 utrum
970 3496 1059 3554 ruina
1079 3496 1280 3557 aedificiorum
1302 3500 1435 3576 proiecta

102 3592 298 3669 dispersaque
338 3614 376 3653 an
417 3603 573 3671 asportata
608 3597 682 3665 sint,
731 3597 809 3654 scire
855 3615 944 3672 quam
993 3600 1123 3656 maxime
1170 3620 1271 3659 eorum
1313 3603 1435 3660 interest

102 3695 154 3770 qui
190 3714 250 3754 non
286 3697 361 3755 solis
397 3698 647 3757 reconcinnandis
684 3698 886 3756 aedificiorum
921 3700 1041 3758 illorum
1074 3703 1215 3762 membris
1251 3705 1434 3764 incumbunt.
1543 3697 1546 3704 ¹

102 3796 178 3854 mihi
213 3798 264 3873 qui
300 3817 445 3858 annorum
485 3800 563 3860 1878
601 3811 631 3859 01
669 3799 747 3859 1876
788 3802 893 3877 paucis
934 3802 1084 3862 mensibus
1126 3821 1161 3862 ac
1199 3805 1262 3864 fere
1302 3807 1434 3865 subseci-

104 3898 152 3956 vis
183 3900 267 3958 horis
300 3902 383 3976 operi
416 3903 598 3962 interfuerim
626 3921 699 3960 saue
727 3921 786 3960 uon
819 3903 953 3980 contigit,
981 3912 1014 3961 ut
1045 3915 1126 3963 certa
1159 3908 1340 3984 maiorisque
1372 3926 1435 3966 mo·

101 3999 216 4059 liminis
249 4004 420 4063 testimonia
452 4005 636 4084 colligerem:
671 4004 722 4064 sed
756 4005 826 4063 dum
859 4005 967 4063 iterum
999 4006 1166 4084 iterumque
1199 4011 1301 4068 adstiti
1334 4015 1435 4088 operis

102 4103 236 4161 mirabar
257 4105 336 4180 quod
358 4106 435 4164 inter
457 4117 556 4166 tantae
575 4107 743 4166 altitudinis
759 4107 911 4165 materiem
935 4118 1053 4186 praeter
1073 4110 1183 4171 lateres
1204 4114 1358 4185 contritos,
1381 4114 1435 4170 1111-

101 4211 178 4264 nuta
197 4207 331 4284 lapidum
354 4209 531 4286 silicumque
553 4209 692 4279 frustula,
720 4209 779 4267 alia
801 4209 832 4268 id
854 4229 949 4288 genus
972 4211 1173 4272 aedificiorum
1197 4215 1362 4274 dirutorum
1385 4235 1435 4273 eo·

101 4326 229 4384 rumque
255 4311 453 4370 recentiorum
478 4313 622 4389 reliquias
652 4311 728 4370 alias
751 4313 819 4370 aliis
843 4313 1077 4389 superinstratas
1100 4335 1224 4390 perrara
1246 4318 1434 4394 antiquorum

102 4423 364 4471 monumentorum
386 4415 555 4490 fragmenta
576 4414 749 4474 eminerent.
793 4433 889 4491 neque
916 4417 947 4474 111
968 4417 1056 4475 Αο110
1080 4437 1172 4495 supra
1194 4422 1434 4480 commemoratis

102 4529 151 4568 ae.
178 4513 256 4571 1878
271 4547 307 4557 -
325 4514 403 4573 1875
436 4535 496 4592 qua
517 4517 647 4594 quidque
670 4516 824 4574 altitudine
846 4518 967 4576 latuerit
989 4517 1160 4580 adnotatum
1184 4525 1302 4598 repperi
1324 4525 1383 4582 nisi
1407 4525 1435 4581 d.

106 4613 146 4671 15
168 4614 256 4673 Mart.
282 4617 371 4688 1873,
393 4619 444 4676 11111
466 4618 648 4694 aliquotiens
671 4620 814 4696 repetitur
840 4630 957 4695 reperta
978 4638 1045 4681 esse
1071 4624 1240 4702 fragmenta
1261 4625 1436 4684 architecto-

102 4718 173 4776 nica
188 4720 244 4791 sra
266 4722 277 4775 i
299 4721 433 4788 00011011,
455 4729 485 4778 01
507 4721 534 4779 d.
559 4719 597 4777 88
617 4721 705 4778 Μ1111.
724 4721 813 4790 1874,
840 4722 889 4778 ubi
913 4723 1022 4781 dicitur
1042 4724 1121 4782 inter
1143 4726 1312 4785 columnam
1336 4727 1436 4785 Focae

103 4829 136 4878 et
157 4816 189 4879 S.
212 4819 400 4880 Hadrianum
422 4822 888 4897 00110000011110111110νί0νί00
911 4825 1009 4883 lavoro
1043 4827 1206 4902 capitulum
1240 4829 1354 4887 ordinis
1387 4847 1434 4886 co·

102 4922 206 4980 riuthii
230 4922 383 4994 extitisse3
406 4925 477 4981 item
499 4923 544 4982 bis
567 4931 648 4982 terve
676 4923 786 4982 diserte
812 4936 951 4984 narratur
978 4929 1006 4985 in
1029 4927 1096 5003 ipsa
1118 4949 1189 4988 area
1213 4930 1284 4988 talia
1306 4929 1435 4988 iacuisse

104 5033 266 5099 prostrata,
289 5023 370 5082 velut
388 5026 557 5083 columnam
580 5025 660 5082 illam
680 5044 781 5101 presso
803 5029 827 5084 il
847 5028 946 5087 nucleo
968 5030 1014 5088 del
1035 5049 1085 5086 suo
1103 5032 1273 5106 piedietallo
1289 5030 1343 5106 (16
1359 5031 1434 5088 Dec.

107 5123 203 5199 1878)
224 5126 282 5184 1100
304 5134 350 5183 001
372 5127 410 5184 ad
432 5127 519 5185 basin
542 5129 714 5198 secundam,
742 5129 790 5186 ubi
813 5148 879 5187 earn
906 5131 1051 5189 iacentem
1075 5132 1136 5189 vidi
1159 5152 1186 5190 a.
1213 5133 1291 5192 1878
1316 5133 1435 5210 (photo-

102 5227 220 5302 grapbo
236 5227 376 5304 exemplo
398 5229 477 5286 felici
499 5230 619 5287 fortuna
633 5239 761 5305 excepta
782 5241 867 5289 extat
888 5232 916 5289 in
932 5221 1033 5290 Rosae
1048 5233 1204 5292 Relatione
1219 5234 1257 5294 ad
1278 5255 1307 5312 p.
1325 5236 1374 5310 51,
1398 5236 1435 5294 01.
