3516 5828
330 495 401 563 100
553 511 735 563 nounrsrn
763 511 893 562 sarar.
914 510 1018 562 cons.
1039 511 1143 561 raon.
1164 511 1213 561 on
1233 509 1435 563 orzroenrs.

325 689 396 745 item
411 685 449 742 ad
466 692 586 743 senatus
604 684 771 743 consultum
788 685 932 760 pervenit.
976 683 1099 742 Nullam
1116 684 1194 743 enim
1214 702 1335 742 causum
1355 702 1432 757 esse,
1455 705 1509 743 our
1525 685 1659 744 Marcum

326 787 488 849 Caesarem
510 807 547 846 eo
570 795 702 863 tempore
731 785 888 845 scribendo
916 795 1038 844 senatus
1061 787 1198 845 consulto
1220 786 1326 846 adesse
1348 787 1480 864 potuisse
1505 806 1658 864 negemus,

325 910 416 969 supra
437 890 497 948 iam
520 889 660 948 diximus.

410 993 520 1068 Corpus
548 993 626 1067 quod
651 992 816 1068 appellatur
841 1010 920 1061 neon,
948 992 978 1049 id
1005 1004 1050 1048 est
1077 993 1184 1069 opinor
1210 982 1274 1049 νέων
1303 993 1366 1050 sive
1394 993 1542 1064 iuvenum,
1570 995 1658 1068 quale

323 1095 414 1153 fuerit
436 1105 465 1153 et
486 1113 555 1152 num
579 1094 674 1170 possit
697 1095 837 1170 componi
859 1113 925 1151 cum
947 1093 1086 1152 iuvenum
1101 1095 1363 1170 corporationibus
1385 1095 1415 1152 in
1430 1095 1521 1154 Italia
1542 1096 1657 1171 passim

323 1198 462 1268 inventis
485 1196 605 1254 videant
626 1213 752 1271 quorum
775 1196 913 1266 interest3
937 1215 991 1273 ego
1016 1215 1106 1253 unum
1129 1196 1206 1254 addo
1222 1196 1565 1274 Perrotum'seripsisse
1581 1196 1657 1274 ne[o·

326 1299 425 1374 σον]οη
447 1309 551 1358 eontra
574 1298 713 1374 lapidem,
735 1318 802 1356 eum
823 1301 878 1355 v.3
902 1299 1018 1375 integer
1040 1299 1173 1373 supersit
1195 1299 1316 1374 eiusque
1338 1299 1433 1375 prima
1456 1301 1557 1358 littera
1580 1319 1656 1375 quae

324 1411 370 1460 est
392 1418 414 1460 o
436 1409 574 1459 cernatur
601 1401 656 1458 sub
684 1400 780 1477 prima
807 1418 911 1458 versus
942 1399 1062 1458 secundi
1090 1419 1165 1476 quae
1193 1413 1237 1460 est
1259 1420 1298 1474 Q
1309 1434 1348 1443 —
1364 1401 1490 1459 Maioris
1513 1404 1657 1460 momenti

324 1511 380 1574 est,
403 1504 483 1579 quod
506 1523 544 1560 ex
567 1503 624 1560 hoc
647 1502 765 1560 decreto
790 1502 825 1559 de
847 1503 911 1560 iure
938 1502 1065 1560 coeundi
1086 1503 1117 1560 in
1139 1504 1234 1562 Asiae
1258 1505 1329 1562 urbe
1352 1504 1506 1580 alteroque
1533 1505 1570 1563 de
1593 1505 1655 1562 iure

322 1605 682 1664 nundinarum·Afriean0
706 1605 764 1661 iam
787 1611 868 1661 certo
892 1605 1043 1681 colligitur
1057 1606 1203 1664 eiusmodi
1226 1607 1434 1664 auctoritatem
1456 1615 1487 1663 ut
1508 1607 1539 1664 in
1556 1607 1655 1676 Italia,

322 1708 364 1765 ita
386 1708 415 1765 in
439 1707 601 1782 provinciis
623 1706 727 1782 populi
742 1706 871 1764 Romani
891 1708 946 1765 sub
969 1707 1201 1782 imperatoribus
1217 1728 1235 1764 a
1251 1716 1356 1766 senatu
1372 1707 1529 1783 petendam
1553 1709 1655 1767 fuisse.

326 1808 399 1867 Dixi
422 1809 458 1866 de
481 1828 516 1866 ea
538 1829 570 1867 re
591 1809 622 1867 in
644 1809 718 1866 iuris
741 1807 850 1885 publici
874 1808 932 1865 vol.
950 1807 967 1864 2
986 1829 1014 1886 p.
1032 1807 1102 1880 827,
1125 1827 1184 1884 quo
1208 1809 1319 1868 suffieit
1340 1793 1469 1868 lectores
1491 1811 1655 1868 remisisse.

588 1951 607 1986 ,
1356 1911 1414 1970 Tu.
1438 1913 1613 1972 Mouusnn.
