3488 5828
502 500 582 550 unx
608 501 773 551 11111111
801 502 1049 555 1111111111.
1367 487 1436 556 171
1506 491 1508 496 ’

107 678 248 756 quodque
277 675 428 734 metallum
456 692 522 732 oum
550 674 669 733 fodinas
697 681 863 752 puteosque
890 675 1002 734 multos
1030 675 1138 735 habere
1166 676 1286 748 soleret,
1320 679 1440 755 singula

110 780 232 840 metalla
253 778 360 856 plurali
383 794 506 835 numero
529 776 714 855 saepedicta
735 776 845 853 sunt¹).
889 777 1003 836 Metalli
1019 779 1246 838 metallorumve
1260 780 1366 840 horum
1381 791 1440 841 ter-

109 884 246 942 ritorium
269 899 336 939 cum
358 881 437 938 intra
458 888 554 938 certos
576 880 651 938 fines
673 879 851 938 collocatum
874 879 966 940 fuisse
996 892 1149 959 appareat,
1176 883 1330 958 quaeritur
1356 884 1439 942 cuius

110 985 230 1062 generis
252 1002 288 1041 aa
309 1000 357 1040 res
379 982 500 1059 publica
521 981 618 1040 fuerit.
663 980 738 1041 Cum
760 982 835 1040 nulli
856 983 921 1042 eius
942 992 1144 1043 memorentur
1168 1004 1223 1044 uec
1245 986 1439 1062 magistratus

111 1107 167 1147 nec
188 1089 267 1146 cives
290 1085 451 1157 incoluere,
474 1094 605 1143 attamen
627 1085 664 1160 dc
686 1085 871 1144 immunitate
893 1085 1008 1162 aliquid
1029 1095 1169 1145 caveatur
1190 1107 1218 1144 1.
1241 1087 1281 1146 49
1303 1106 1440 1164 quaeque

110 1192 153 1250 ibi
174 1190 266 1248 fuisse
290 1187 424 1246 videmus
451 1187 589 1245 balneum
618 1187 810 1245 tonstrinum
827 1188 964 1246 tabernae
990 1187 1132 1247 fulloniae
1154 1199 1183 1248 et
1210 1189 1326 1265 reliqua
1347 1189 1439 1248 vitam

109 1292 241 1369 quodam
256 1291 344 1348 modo
360 1289 569 1364 municipalem
586 1299 687 1366 aperte
702 1290 843 1360 indicent,
867 1289 1020 1349 adsentior
1042 1291 1272 1364 Mommseno,
1295 1291 1381 1350 cuius
1403 1311 1440 1350 ea

110 1397 149 1454 de
170 1415 203 1453 re
224 1393 393 1471 opinionem
415 1391 493 1449 inira
515 1392 682 1466 expositam
704 1391 788 1450 vides
810 1393 840 1448 in
862 1392 1054 1452 adnotatione
1076 1395 1150 1452 eius.
1195 1391 1316 1452 Scilicet
1334 1395 1438 1452 metal-

108 1499 172 1557 lum
193 1497 377 1572 Vipascense
393 1495 450 1552 vici
472 1494 581 1572 pagive
603 1495 664 1551 scre
686 1493 889 1552 condicionem
911 1495 1051 1554 habuisse
1076 1496 1148 1554 mihi
1169 1496 1336 1573 persuadeo
1360 1515 1438 1556 sum·

108 1618 250 1675 mumque
272 1597 336 1656 eius
356 1593 565 1674 magistratum
587 1597 680 1654 fuisse
702 1604 924 1672 procuratorem
940 1597 1138 1670 metallorum,
1161 1597 1198 1656 dc
1220 1617 1280 1674 quo
1303 1599 1363 1658 iam
1386 1619 1437 1657 ex·

106 1721 228 1779 ponam.

191 1803 379 1862 Lusitaniam
408 1802 592 1879 provinciam
616 1801 688 1860 iude
716 1803 753 1860 ab
780 1801 893 1878 origine
916 1801 1055 1862 Caesaris
1083 1803 1176 1862 fuisse
1202 1811 1329 1862 constat.
1374 1804 1576 1863 Me-Procura-

107 1908 183 1965 talla
211 1913 309 1964 autern
336 1925 396 1964 uon
425 1905 522 1963 solum
551 1905 582 1962 in
610 1902 752 1962 Caesaris
782 1903 833 1962 sed
860 1904 949 1963 etiam
979 1906 1009 1962 iu
1039 1917 1160 1964 senatus
1187 1905 1351 1983 provinciis
1379 1897 1580 1964 111-101111111·

104 2007 208 2084 musi)
240 2008 381 2085 pleraque
414 2017 465 2065 aut
496 2007 560 2065 fisci
588 2007 682 2064 fuisso
709 2001 761 2063 au't
789 2006 962 2083 patrimonii
992 2007 1182 2082 imperatoris
1214 2027 1249 2066 ac
1276 2017 1435 2085 propterea
1471 1979 1554 2027 ¹⁰¹¹²¹¹¹

106 2134 127 2170 a
165 2110 408 2188 procuratoribus
452 2107 591 2168 Caesaris
633 2108 842 2167 administrata
878 2127 954 2168 esse.
1019 2109 1101 2168 Fisci
1146 2110 1240 2169 fuisse
1282 2111 1436 2169 metallum

104 2214 293 2290 Vipascense
330 2211 435 2270 titulus
473 2211 521 2268 hic
560 2211 670 2269 diserte
701 2219 842 2270 testatur:
889 2211 1078 2270 venditiones
1118 2212 1283 2272 locationes
1316 2233 1335 2271 a
1367 2233 1436 2290 pro·

104 2327 245 2376 curatore
273 2315 460 2372 metallorum
488 2317 597 2372 nornine
618 2315 684 2389 fisci
710 2313 785 2371 fiunt
806 2333 833 2372 v.
860 2314 911 2384 133
939 2315 1034 2372 multa
1054 2316 1126 2392 fisco
1155 2315 1300 2374 solvenda
1328 2316 1436 2374 dicitur

103 2441 136 2478 v.
162 2419 209 2476 29.
269 2415 344 2476 Cum
383 2435 454 2474 vero
492 2433 547 2474 nec
579 2415 679 2473 omnia
711 2417 803 2474 totius
841 2416 956 2493 imperii
989 2417 1111 2474 metalla
1143 2417 1180 2475 ab
1213 2435 1272 2476 uuo
1305 2419 1435 2495 quodam

105 2529 302 2600 procuratore
329 2537 445 2576 summo
476 2537 530 2576 nec
558 2518 646 2576 unius
673 2519 818 2594 cuiusque
843 2519 1014 2594 provinciae
1041 2539 1059 2576 a
1080 2519 1210 2597 singulis
1235 2521 1435 2596 procuratori·

81 2627 166 2696 ¹bus
195 2623 404 2681 administrata
430 2638 496 2678 esse
523 2620 679 2696 probabile
706 2619 788 2697 1111),
821 2620 900 2696 quod
927 2621 957 2678 in
983 2621 1040 2679 hoc
1067 2620 1153 2678 titulo
1178 2631 1354 2698 procurator
1375 2621 1434 2680 sol-

101 2727 208 2798 lemni,
233 2735 264 2782 ut
285 2731 420 2801 apparet,
443 2723 573 2781 muueris
596 2722 801 2798 designatione
823 2741 912 2798 saepe
935 2723 1044 2780 dicitur
1062 2733 1237 2798 procurator
1257 2723 1434 2782 metallorum

105 2847 138 2886 v.
155 2828 173 2885 2
190 2829 206 2885 3
226 2829 263 2886 15
280 2827 319 2884 30
335 2825 373 2884 57
398 2824 490 2900 (unde
511 2824 714 2901 supplevimus
736 2843 764 2882 v.
790 2825 842 2900 13)
869 2833 920 2882 aut
937 2833 1112 2899 procurator
1133 2827 1183 2900 qui
1203 2825 1327 2883 metallis
1344 2844 1434 2903 prae-

103 2933 210 2989 11111.
233 2927 283 2998 21,
305 2927 335 2985 id
358 2937 409 2984 aut
430 2928 474 2986 ita
499 2927 710 3004 explicandum
733 2926 799 2998 erit,
827 2936 858 2984 ut
884 2935 1050 2985 statuamus
1077 2946 1144 2984 eum
1170 2945 1231 2984 non
1253 2925 1433 3005 Vipasceusi

101 3021 220 3092 tanturn
242 3029 364 3088 metallo
387 3029 439 3088 sed
461 3029 551 3087 etiam
573 3029 640 3087 aliis
663 3029 769 3086 vicinis
791 3036 864 3104 puto
887 3028 1017 3088 metallis
1041 3029 1219 3107 praefuisse,
1245 3039 1297 3088 aut
1318 3030 1433 3106 simpli·

102 3137 180 3194 citer
200 3136 252 3206 ita,
280 3141 311 3190 ut
333 3133 422 3190 etiam
446 3133 536 3190 unius
559 3132 685 3190 alicuius
707 3132 839 3207 regionis
862 3131 985 3189 metalla
1005 3131 1113 3208 plurali
1139 3150 1262 3190 nurnero
1284 3133 1432 3191 interdum

100 3238 264 3315 designata
285 3254 353 3294 esse
375 3245 522 3310 putemus.
568 3233 656 3292 Certe
677 3233 757 3308 quod
780 3231 1012 3293 Soromenius
1034 3235 1192 3312 proposuit
1213 3255 1240 3293 1.
1258 3233 1275 3291 1
1291 3243 1366 3294 extr.
1389 3236 1432 3293 le·

101 3341 233 3420 gendum
251 3336 452 3415 proc(nrator)
479 3336 656 3396 metallorum
677 3335 874 3412 La[aitnniae]
901 3347 981 3394 stare
1007 3355 1066 3394 nou
1093 3345 1200 3414 potest.
1246 3336 1328 3396 Casu
1353 3338 1431 3396 enirn

80 3425 230 3514 tantum,
256 3449 288 3499 ut
309 3449 447 3516 ectypum
471 3449 501 3497 et
521 3439 621 3514 imago
643 3439 852 3516 photographa
873 3438 1088 3511 demonstrant,
1116 3457 1123 3496 1
1146 3440 1199 3498 illa
1218 3457 1234 3496 ι
1256 3439 1370 3498 litterae
1393 3441 1432 3499 si·

101 3545 185 3604 milis
207 3543 313 3614 evasit,
339 3561 406 3604 cum
430 3541 507 3600 iufra
528 3541 638 3599 lineola
659 3549 812 3618 apparent,
835 3559 911 3617 quae
932 3560 968 3600 ue
990 3551 1072 3600 recta
1091 3543 1210 3618 quidem
1232 3551 1286 3615 est,
1310 3553 1342 3600 ut
1364 3559 1432 3602 esse

100 3648 216 3718 debuit,
240 3646 292 3705 sed
314 3645 444 3720 obliqua.

187 3749 237 3808 Ad
259 3747 411 3806 metallum
436 3746 527 3822 igitur
548 3745 732 3822 Vipascense
759 3746 948 3823 regionemve
970 3765 1046 3819 eam,
1073 3747 1103 3804 iu
1126 3764 1186 3822 qua
1210 3747 1285 3806 fines
1313 3747 1568 3812 territo-herme-

99 3854 185 3912 rlave
207 3853 269 3910 cius
292 3849 404 3908 metalli
427 3849 557 3920 fuerunt,
579 3849 629 3906 lex
648 3849 723 3906 haec
744 3849 895 3924 pertinuit.
938 3847 1050 3924 Legem
1066 3865 1133 3907 esse
1148 3858 1193 3906 tor
1206 3849 1273 3924 ipsa
1286 3857 1428 3908 testatur:
1478 3845 1532 3894 18111

100 3956 183 4034 qnod
197 3973 229 4012 en
250 3954 301 4011 hoc
323 3955 413 4028 capite
436 3952 834 4026 lepis...daturn...erit
847 3971 873 4008 v.
890 3950 919 4020 8,
946 3950 1269 4027 9111111111ρί1)
1286 3953 1427 4027 lepis...

97 4057 245 4117 debebitur
272 4075 299 4112 1.
321 4056 369 4125 51,
397 4073 411 4112 1
437 4053 496 4128 lupe
522 4052 645 4111 metallis
673 4054 749 4111 dicta
779 4071 806 4109 1.
823 4053 871 4111 59.
916 4051 1015 4110 Etiam
1042 4055 1099 4111 hoc
1127 4053 1232 4111 ultimo
1258 4054 1324 4111 loco
1351 4053 1428 4112 hanc

99 4163 201 4236 ipsam
222 4159 318 4234 legem
343 4155 469 4214 iudicari
496 4155 632 4232 equidem
654 4165 741 4232 puto;
769 4154 822 4213 sed
845 4163 944 4230 potest
965 4175 1001 4212 ea
1022 4155 1112 4214 dere
1133 4155 1222 4213 etiam
1244 4155 1331 4214 aliter
1352 4157 1427 4214 iudi-

100 4261 175 4322 cari.
219 4261 344 4319 Restant
366 4258 484 4334 reliqua
511 4257 682 4315 testimonia
709 4257 766 4315 duo
793 4265 882 4328 certa,
909 4275 986 4333 quae
1013 4275 1072 4316 non
1098 4275 1189 4334 posse
1212 4267 1347 4336 spectare
1371 4260 1427 4318 uisi

96 4429 306 4440 ...u-...—

181 4547 203 4610 ¹)
240 4545 282 4597 Itu
300 4548 327 4596 in
346 4547 457 4596 nummis
477 4561 578 4611 quoque
598 4545 706 4595 Traiani
726 4552 751 4594 et
768 4545 896 4595 Hadriani
916 4546 1021 4609 pluralis
1040 4560 1162 4596 numerus
1181 4547 1253 4596 iuxta
1271 4549 1427 4612 singularem

96 4649 239 4705 usurpatur
258 4641 412 4700 discrimine,
433 4639 529 4698 siluit,
551 4638 626 4686 nobis
645 4638 767 4687 obscuro:
795 4637 892 4687 metalli
913 4635 1026 4705 Ulpiani,
1051 4637 1202 4700 Pannonici,
1225 4636 1373 4688 Dardanici
1390 4641 1427 4690 eis

51 4738 53 4742 ’
95 4735 250 4798 inscriptum
275 4739 320 4793 est,
347 4732 393 4780 scd
419 4731 495 4780 etiam
517 4729 626 4780 Aeliana
650 4728 794 4791 Pincensia,
821 4729 950 4792 1111111111)
970 4731 1118 4781 Aurelianis
1146 4731 1283 4794 (Eckhel
1303 4732 1328 4781 d.
1347 4747 1373 4781 n.
1387 4733 1426 4782 Vl

96 4845 125 4894 p.
141 4825 259 4886 44511).

177 4916 201 4978 ²)
239 4917 305 4968 Vido
337 4916 562 4982 Marquardtii
595 4916 655 4964 rim.
685 4913 929 4982 Stuatauertcnltuny
962 4917 989 4966 11
1020 4933 1045 4981 p.
1070 4917 1174 4966 25511.
1201 4931 1317 4980 quaeque
1344 4931 1426 4980 nuper

96 5008 348 5062 Hirschfeldius
376 5009 408 5057 de
434 5009 471 5058 eis
496 5009 615 5074 exposuit
643 5010 669 5058 in
694 5009 760 5058 libro
791 5025 837 5058 suo
865 5005 1084 5075 Unterancliunpen
1108 5008 1157 5074 aus
1177 5007 1231 5058 dem
1258 5005 1357 5057 Gedicte
1380 5005 1425 5056 der

93 5099 237 5154 1611111111
260 5097 723 5166 1’11·11111119191111111111(111101.
745 5100 826 5163 1876)
846 5117 870 5166 p.
886 5103 961 5151 7111.

174 5189 199 5252 ³)
237 5193 277 5244 ct.
296 5193 544 5244 Hirschfeldius
563 5194 580 5243 l.
602 5211 622 5244 s.
643 5209 663 5243 s.
683 5209 708 5258 p.
724 5195 766 5242 st.
