3488 5828
344 526 418 598 232
918 543 1099 596 uouusuu

344 720 408 780 cias
433 720 591 796 inquirunt
617 739 679 778 rem
701 719 820 796 plenius
841 719 1053 796 pervestigent.
1098 718 1136 776 Et
1158 720 1216 777 hoc
1236 719 1357 795 quidem
1380 721 1483 780 statim
1505 733 1590 798 putet
1610 744 1669 782 con-

345 822 531 882 suetudinem
559 840 635 893 eam,
664 823 701 880 de
729 840 789 898 qua
815 821 943 898 agimus,
971 822 1009 880 ad
1037 822 1233 897 imperatores
1255 822 1350 880 Iuliae
1377 825 1478 899 gentis
1506 844 1569 883 nou
1590 828 1669 902 perti-

344 944 424 985 nere.
468 927 638 1001 Augustum
666 922 826 984 Suetonius
859 923 898 998 (c.
920 923 973 994 40)
1007 943 1073 982 eum
1107 923 1216 982 referat
1243 924 1383 982 Fabianis
1411 935 1437 982 et
1463 925 1669 1004 Scaptiensibus

344 1028 493 1086 tribulibus
521 1031 581 1085 subc
613 1027 691 1084 dona
716 1026 847 1096 dedisse,
873 1026 1002 1084 efficitur
1026 1025 1095 1083 inde
1121 1025 1218 1084 Iulios
1243 1025 1386 1102 patricios
1416 1027 1447 1085 iu
1474 1026 1576 1087 Fabia
1604 1031 1670 1089 tribu

345 1131 475 1190 censitos
503 1147 581 1200 esse,
610 1127 754 1188 Octavios
783 1136 882 1186 autem
912 1128 943 1186 in
973 1126 1109 1205 Scaptia3
1141 1136 1172 1186 at
1200 1130 1231 1186 in
1259 1129 1397 1202 coloniis,
1426 1148 1505 1205 quas
1536 1130 1670 1192 Caesares

344 1241 429 1308 pater
450 1239 480 1290 et
501 1232 582 1290 filius
604 1238 691 1290 extra
711 1231 830 1289 Italiam
853 1229 1058 1302 condiderunt,
1080 1239 1194 1290 tautum
1217 1232 1311 1302 abest,
1335 1241 1367 1289 ut
1388 1251 1442 1290 eae
1470 1233 1568 1292 tribus
1591 1236 1670 1310 potis·

345 1335 452 1395 simum
484 1334 685 1404 inveniantur,
717 1343 750 1390 ut
782 1333 918 1391 coloniae
941 1331 1036 1390 Iuliae
1068 1333 1099 1390 iu
1133 1332 1237 1390 Africa
1273 1334 1442 1410 adscriptae
1476 1335 1540 1392 fere
1574 1335 1670 1394 suerint

346 1438 434 1496 tribui
449 1437 592 1496 Arniensi
616 1437 663 1495 vel
685 1435 839 1510 Quirinae,
860 1436 891 1493 in
915 1432 1019 1494 Gallia
1039 1431 1231 1494 Narbonensi
1253 1436 1345 1494 tribui
1368 1435 1535 1509 Voltiniae‚
1558 1438 1588 1494 in
1610 1437 1667 1496 His·

344 1541 435 1618 pnnia
464 1537 606 1599 Galeriae
633 1537 833 1615 potissimum,
862 1537 893 1596 in
923 1536 1077 1596 Dalmatia
1104 1545 1157 1594 aut
1184 1537 1397 1597 Tromentinae
1423 1547 1477 1596 aut
1500 1537 1624 1617 Sergiae
1646 1549 1669 1597 et

347 1645 390 1702 sic
416 1643 565 1719 deinceps.
609 1640 717 1716 Neque
739 1641 827 1699 aliter
849 1657 916 1698 esse
939 1639 1051 1715 potuit;
1081 1659 1150 1697 narn
1177 1657 1243 1697 curn
1265 1639 1323 1698 hac
1345 1649 1444 1699 aetate
1472 1642 1606 1700 tribuum
1626 1641 1668 1699 ali-

346 1765 423 1822 quae
445 1753 546 1822 partes
572 1743 603 1801 in
626 1763 657 1800 re
679 1742 800 1820 publica
821 1751 932 1812 esseut,
954 1742 1091 1800 coloniae
1113 1741 1335 1818 municipiaque
1363 1761 1440 1818 quae
1464 1744 1502 1800 ad
1532 1745 1667 1802 civitaten

346 1849 514 1906 Romanam
538 1845 781 1904 admiscebantur
802 1844 999 1920 aequabiliter
1025 1843 1103 1902 inter
1124 1845 1251 1902 rusticas
1274 1845 1369 1904 tribus
1392 1863 1498 1904 omues
1522 1846 1667 1905 discriben-

346 1952 517 2020 deserant,
540 1967 595 2006 nec
623 1965 694 2005 sane
721 1948 848 2025 gratiam
876 1947 958 2024 apud
980 1945 1132 2004 Fabianus
1160 1964 1231 2004 suos
1257 1955 1287 2005 et
1308 1945 1501 2024 Scaptienses
1527 1949 1666 2026 Augustus

345 2052 465 2111 iniisset
484 2050 570 2108 novis
593 2049 708 2108 civibus
731 2050 770 2107 ad
793 2065 865 2108 suas
886 2048 981 2108 tribus
1003 2048 1192 2124 potissimum
1214 2048 1328 2108 relatis.
1373 2047 1455 2122 Quid
1475 2050 1558 2127 quod
1577 2069 1593 2107 e
1611 2069 1667 2108 oon·

347 2153 439 2212 trario
465 2153 529 2210 fieri
555 2160 665 2229 potest,
692 2159 724 2208 ut
749 2161 871 2229 propter
892 2151 1027 2210 savorem
1050 2150 1160 2209 sactum
1184 2152 1233 2224 sit,
1260 2150 1341 2228 quod
1363 2151 1449 2211 hisce
1470 2154 1607 2212 tribubus
1626 2153 1667 2210 vix

350 2257 403 2314 ulli
424 2239 626 2331 provinciales
649 2253 791 2330 adscripti
814 2254 1013 2312 inveniuntur.

431 2355 575 2416 Claudius
606 2356 691 2413 cuius
721 2355 816 2414 tribus
846 2355 937 2413 suerit
964 2357 1034 2414 licet
1061 2355 1173 2414 diserte
1203 2373 1261 2412 non
1292 2357 1436 2428 tradatur,
1466 2357 1519 2433 qui
1551 2357 1667 2415 meminit

349 2481 415 2520 eum
437 2458 594 2518 oriundum
617 2475 684 2516 esse
706 2477 744 2516 ex
766 2458 831 2516 eius
857 2458 986 2516 nominis
1015 2458 1138 2533 antiqua
1166 2459 1260 2534 stirpe
1281 2459 1417 2536 patricia,
1447 2460 1558 2518 tribum
1584 2469 1666 2516 autem

349 2562 506 2623 Claudiam
541 2563 578 2620 ab
611 2561 724 2637 origine
766 2579 833 2620 cum
867 2561 956 2618 domo
994 2561 1171 2636 cognomine
1209 2560 1412 2632 coniunctam,
1447 2558 1593 2620 Claudiae
1619 2580 1666 2618 uon

349 2667 448 2726 minus
475 2665 571 2723 tribus
598 2681 688 2739 quam
716 2663 814 2739 gentis
842 2683 909 2720 eum
937 2662 1031 2721 fuisse
1059 2681 1119 2720 non
1146 2662 1303 2721 dubitabit.
1346 2662 1411 2720 Iam
1433 2682 1505 2720 vero
1527 2683 1564 2722 ea
1587 2663 1667 2722 tribus

351 2778 382 2824 ut
414 2787 474 2828 nou
501 2765 650 2824 invenitur
679 2765 710 2823 in
736 2764 867 2842 oppidis,
901 2783 977 2840 quae
1005 2763 1149 2824 Claudius
1183 2765 1212 2821 iu
1240 2764 1426 2823 Mauretania
1459 2765 1593 2825 coloniae
1616 2767 1668 2823 iure

349 2871 397 2929 vel
429 2869 550 2928 civitate
582 2866 709 2925 Latiove
742 2865 865 2924 donavit
896 2875 972 2925 teste
1004 2867 1106 2925 Plinio
1137 2867 1167 2938 5,
1189 2865 1217 2937 9,
1243 2865 1295 2939 20,
1333 2886 1408 2942 quae
1441 2877 1512 2926 sunt
1544 2877 1668 2946 quattuor

349 2971 508 3044 Caesarea,
536 2969 688 3047 Oppidum
714 2967 846 3040 Novum,
875 2969 1102 3040 Rusuccurium‚
1130 2967 1247 3044 'l'ipasa
1273 2969 1374 3026 omnia
1392 2953 1496 3028 relata
1523 2971 1554 3029 in
1574 2971 1668 3030 tribum

349 3075 508 3150 Quirinam
539 3072 581 3148 (r.
599 3070 766 3131 Grotefend
791 3070 810 3127 l.
830 3088 854 3128 c.
878 3092 907 3148 p.
922 3051 1097 3148 '161scq.>,
1129 3090 1184 3129 nec
1211 3071 1308 3148 magis
1337 3071 1442 3130 eadem
1474 3077 1668 3148 comparatio

350 3177 470 3236 colonia
496 3172 627 3234 Claudia
654 3174 762 3250 Aequo
796 3171 966 3230 Dalmatiae
999 3172 1151 3250 adscripta
1182 3173 1271 3231 tribui
1302 3173 1518 3233 Tromentinae
1548 3174 1617 3251 (vol.
1632 3173 1668 3232 lll

350 3299 378 3354 p.
397 3277 471 3353 960)
479 3277 515 3353 ¹),
544 3277 586 3334 ita
607 3277 695 3334 adest
715 3276 746 3332 in
767 3275 892 3349 reliquis
916 3275 1043 3334 coloniis
1065 3275 1294 3352 municipiisque
1315 3277 1353 3336 ab
1375 3275 1480 3336 eodem
1501 3278 1669 3344 constiutit,

350 3398 428 3456 quae
459 3387 530 3438 sunt
556 3378 621 3437 Ara
647 3377 880 3456 Agrippinensis
908 3376 938 3434 iu
968 3375 1132 3436 Germania
1162 3377 1204 3451 (v.
1230 3376 1445 3437 Grotefeudius
1468 3379 1489 3438 1.
1505 3399 1531 3437 c.
1555 3399 1583 3456 p.
1601 3377 1670 3452 193),

351 3481 478 3543 Savaria
499 3480 530 3537 iu
552 3479 709 3538 Pannonia
735 3479 888 3556 superiore
916 3478 988 3554 (vol.
1005 3479 1052 3537 III
1073 3500 1103 3556 p.
1119 3477 1204 3555 525),
1231 3480 1364 3538 Teurnia
1391 3479 1464 3555 (vol.
1481 3481 1531 3539 111
1554 3501 1582 3557 p.
1598 3480 1670 3552 593),

350 3585 498 3642 Virunum
521 3581 573 3657 (ib.
596 3601 625 3658 p.
642 3581 727 3657 597),
758 3577 861 3640 Celeia
884 3580 937 3656 (ib.
961 3600 989 3656 p.
1007 3579 1091 3657 631),
1119 3581 1264 3640 Iuvavum
1288 3565 1342 3657 (ib.
1364 3602 1394 3659 p.
1412 3581 1488 3658 668)
1518 3584 1550 3642 in
1571 3583 1669 3641 Norico

351 3687 459 3758 omnia,
482 3687 584 3760 Apros
607 3684 638 3741 in
654 3682 786 3741 Thracia
807 3682 848 3758 (v.
868 3681 1034 3741 Grotefeud
1056 3683 1075 3741 l.
1093 3702 1117 3741 c.
1140 3701 1168 3759 p.
1188 3681 1304 3760 140)²).
1347 3683 1426 3743 Nam
1449 3685 1669 3762 quamquamin

349 3791 454 3848 horum
477 3785 655 3862 oppidorum
679 3784 794 3842 civibus
821 3784 998 3862 plerumque
1025 3785 1147 3844 dubium
1174 3793 1231 3858 est,
1261 3783 1389 3844 Claudia
1411 3787 1588 3846 vocabulum
1612 3805 1670 3863 cog·

350 3889 463 3950 nomini
488 3887 704 3965 praescriptum
727 3895 825 3945 utrum
850 3886 1029 3964 iungendum
1053 3889 1092 3946 sit
1117 3907 1184 3946 cum
1206 3887 1293 3946 domo
1322 3907 1400 3964 quae
1429 3897 1501 3965 post
1523 3907 1671 3967 cognomen

351 3993 486 4070 sequitur
508 4010 546 4048 an
573 3990 682 4047 tribum
711 3989 866 4068 significet,
899 3991 974 4048 haec
1002 3990 1163 4065 explicatio
1196 3990 1227 4048 in
1255 3989 1435 4066 quibusdam
1468 3991 1537 4049 sola
1568 3989 1671 4051 admitti

351 4103 451 4174 potest
477 4093 652 4168 videturque
678 4093 710 4149 in
736 4091 825 4170 louge
851 4092 1004 4167 plerisque
1031 4092 1238 4167 praeferenda,
1271 4110 1338 4150 curn
1367 4094 1548 4168 praesertim
1573 4093 1671 4152 nullum

351 4197 492 4256 indicium
514 4195 610 4252 tribus
634 4193 771 4252 diversae
799 4195 830 4252 in
852 4193 915 4252 ullo
943 4211 1046 4252 eorum
1073 4193 1250 4270 oppidorum
1278 4195 1375 4254 adhuc
1400 4196 1583 4270 apparuerit.
1624 4196 1673 4252 ltu·

351 4318 409 4375 que
430 4296 623 4368 consuetudo,
651 4315 742 4374 quam
765 4314 857 4373 supra
880 4295 1008 4354 vidimus
1036 4298 1092 4356 sub
1116 4297 1246 4372 posteris
1274 4294 1392 4355 Nervae
1421 4297 1600 4370 obtinuisse,
1624 4315 1673 4354 uon

352 4399 519 4459 obtinuisse
545 4405 643 4456 aetate
667 4399 807 4474 Augusti,
836 4418 873 4456 ue
900 4405 963 4455 tum
991 4399 1111 4474 quidem
1140 4399 1277 4470 obtinuit,
1303 4417 1370 4457 cum
1393 4397 1542 4459 Claudius
1563 4416 1674 4476 regnare

353 4501 459 4578 eoepit.
505 4498 582 4558 Nam
605 4500 808 4559 Mauretaniae
830 4500 980 4558 ordinatio
1002 4501 1160 4560 coniuncta
1183 4503 1246 4560 sine
1269 4501 1359 4560 dubio
1382 4520 1450 4561 cunr
1473 4503 1566 4562 caede
1587 4501 1673 4560 Ptole

431 4771 454 4832 ¹)
493 4772 593 4822 Eodem
617 4771 780 4821 referendum
805 4773 865 4834 erit,
898 4773 967 4836 quod
993 4773 1032 4820 vir
1055 4773 1185 4839 Hispanus
1208 4773 1304 4822 viritim
1328 4791 1345 4822 a
1368 4772 1427 4823 <lico
1452 4771 1562 4824 Claudrb
1587 4775 1675 4824 ciuitate

345 4853 461 4916 ¹donatus
479 4865 622 4928 adscriptus
642 4873 681 4913 est
699 4864 777 4913 tribui
796 4863 928 4926 Quirinus,
949 4865 998 4914 uisi
1018 4865 1093 4914 lectio
1113 4865 1181 4915 fallit
1200 4867 1266 4914 tituli
1288 4867 1337 4915 vol.
1351 4866 1380 4915 11
1400 4881 1425 4915 n.
1443 4868 1504 4917 159.

429 4955 455 5020 ²)
494 4958 592 5008 Contra
610 4957 712 5006 Emona
731 4957 778 5006 etsi
798 4963 823 5004 et
845 4957 902 5020 ipsa
925 4958 952 5006 in
971 4957 1081 5006 Claudia
1099 4957 1168 5007 tribu
1186 4958 1235 5007 fuit
1254 4957 1315 5018 (vol.
1329 4959 1371 5007 111
1392 4973 1417 5022 p.
1432 4957 1507 5020 498),
1535 4975 1591 5009 oum
1610 4971 1677 5023 prop

302 5055 303 5058 ’
353 5056 393 5099 ter
411 5049 494 5100 Iuliae
513 5065 609 5099 nornen
629 5049 760 5098 civitatem
779 5055 854 5098 autea
873 5057 1011 5098 consecuta
1030 5051 1224 5111 asscribentur,
1246 5051 1323 5099 etiam
1338 5049 1475 5101 Claudiam
1495 5052 1593 5102 tribum
1610 5049 1678 5101 simul

353 5142 481 5191 credenda
506 5148 544 5190 ert
568 5147 705 5192 consecuta
731 5155 795 5190 esse.
834 5141 939 5191 Albona
961 5141 1022 5202 (vol.
1037 5141 1080 5191 111
1103 5157 1128 5206 p.
1144 5142 1207 5204 390)
1233 5151 1258 5191 et
1281 5143 1410 5193 Nedinum
1435 5139 1498 5207 (vol.
1513 5145 1559 5194 111
1583 5161 1607 5209 p.
1621 5143 1677 5200 371)

355 5231 502 5282 Dalmatiae
523 5233 647 5284 Claudiae
667 5233 748 5282 tribus
767 5233 867 5296 etipsa
887 5249 937 5298 quo
958 5241 1073 5298 tempore
1092 5234 1126 5284 ad
1145 5236 1275 5286 civitatem
1293 5235 1466 5300 pervenerint,
1489 5235 1631 5300 ignoratur.
