3488 5828
324 499 393 569 176
915 507 1061 567 adunes

322 619 1279 631 ———-..—.———--—-—————..-..-

321 695 394 752 tutis
415 693 481 750 fisci
503 692 621 750 nomine
644 709 752 768 praeco
774 691 865 767 gratis
887 691 1076 768 praebendus
1098 700 1156 764 est3
1184 692 1214 749 in
1240 704 1397 767 puteorum
1423 688 1660 748 venditionibus

320 797 482 856 centesima
503 794 655 870 praeconii
677 794 714 851 ab
737 806 869 869 emptore
894 795 1032 870 exigitur.

179 901 221 950 III
237 901 306 950 Bali·
405 897 503 972 Quam
526 898 584 956 late
606 897 780 954 balneorum
804 915 876 954 risus
892 899 1021 976 patuerit
1042 917 1095 974 per
1118 907 1209 956 totam
1232 899 1438 974 antiquitatem
1455 897 1656 955 notissimum

185 985 226 1032 ¹¹⁰³
246 985 299 1034 fru-
320 1009 380 1072 eat3
402 1021 439 1060 ne
461 1002 560 1078 operis
576 999 693 1076 quidem
709 999 897 1058 metallorum
919 1002 1101 1076 pauperibus
1116 1001 1290 1058 beneficium
1306 1000 1363 1058 hoc
1386 1000 1517 1058 salutare
1541 999 1657 1057 deesse

320 1105 477 1163 volucrunt
498 1104 549 1179 qui
572 1123 607 1160 en
629 1104 779 1178 regebant.
823 1102 953 1161 Locatur
974 1103 1074 1162 balnei
1096 1103 1210 1161 fructus
1226 1103 1397 1162 conductori
1419 1103 1470 1173 ita,
1495 1111 1528 1158 ut
1551 1103 1582 1158 is
1607 1121 1656 1157 ar·

318 1208 429 1265 bitratu
457 1206 660 1282 procuratoris
686 1205 872 1264 metallorum
899 1225 917 1262 a
941 1205 1079 1264 kalendis
1108 1205 1193 1263 luliis
1221 1206 1309 1263 unius
1339 1206 1483 1281 cuiusque
1513 1205 1591 1263 anni
1621 1203 1655 1262 in

213 1069 273 1116 endi

176 1166 200 1199 v.
218 1152 306 1200 19-31

318 1310 414 1386 pridie
436 1308 580 1367 kalendas
603 1309 723 1366 easdem
747 1308 817 1366 anni
840 1309 990 1382 sequentis
1019 1327 1074 1366 sua
1099 1308 1236 1384 impensa
1257 1308 1364 1366 balnea
1388 1319 1466 1366 recte
1490 1315 1655 1384 praestare

318 1413 424 1472 debeat
450 1413 587 1469 omnibus
614 1412 720 1470 diebus
747 1410 835 1468 certis
862 1411 922 1468 diei
951 1411 1032 1468 horis
1059 1410 1130 1468 viris
1159 1410 1390 1486 mulieribusque
1417 1411 1522 1486 pretiis
1547 1410 1653 1468 certis.

318 1517 368 1573 Ab
395 1515 468 1572 hora
495 1523 601 1572 octava
625 1515 707 1571 viros
737 1513 849 1570 Romae
875 1513 976 1570 lavare
1003 1514 1195 1572 consuevisse
1222 1533 1260 1572 ex
1286 1513 1353 1570 aliis
1380 1513 1438 1570 iarn
1464 1513 1655 1572 testimoniis

318 1618 461 1676 deducere
484 1617 580 1687 licuit;
604 1616 760 1674 mulierum
781 1617 871 1673 horae
894 1625 992 1674 certae
1009 1616 1139 1674 nondum
1162 1621 1361 1674 innotuerunt.
1407 1613 1531 1674 Scilicet
1553 1634 1651 1691 quan·

317 1739 408 1796 quam
435 1729 665 1778 consentaneum
694 1728 749 1789 eat,
781 1717 908 1776 diversis
936 1717 1010 1777 locis
1042 1718 1131 1776 horas
1158 1736 1276 1794 quoque
1301 1719 1474 1776 balneorum
1497 1717 1653 1789 variasse,

316 1823 347 1880 in
369 1823 538 1880 universnm
565 1831 664 1879 tamen
693 1821 845 1892 credibile,
868 1840 944 1896 quae
966 1820 1081 1878 Romae
1102 1821 1133 1878 in
1156 1839 1212 1878 usu
1238 1831 1323 1878 erant
1347 1821 1448 1891 horae,
1474 1837 1526 1878 eas
1557 1825 1653 1878 etiarn

317 1927 388 1984 alibi
411 1926 585 1983 observatas
608 1942 673 1982 esse
697 1923 778 1998 (vide
801 1923 1043 1999 hlarquardtii
1065 1923 1176 1981 enchir.
1196 1922 1223 1979 V
1247 1926 1259 1980 l
1285 1943 1313 1999 p.
1331 1921 1415 1997 278).
1459 1923 1506 1980 lta
1533 1923 1567 1980 iu
1590 1923 1653 1982 hoc

317 2047 435 2106 qnoque
461 2027 580 2085 metallo
607 2027 723 2084 videtur
748 2045 825 2084 more
852 2025 949 2084 urbico
981 2027 1112 2084 lavatum
1140 2043 1219 2097 esse,
1253 2036 1285 2083 ut
1311 2035 1357 2084 eat
1382 2025 1413 2083 in
1440 2025 1537 2084 titulis
1568 2027 1654 2084 notis

316 2132 431 2190 duobus
453 2130 635 2188 Bononiensi
659 2137 689 2186 et
710 2129 881 2187 suburbano
903 2129 982 2204 apud
1004 2129 1197 2186 Marininm
1224 2127 1310 2203 (Arv.
1333 2147 1362 2204 p.
1379 2126 1464 2203 532).
1509 2127 1561 2186 De
1584 2129 1655 2186 bal·

316 2253 439 2292 aeorum
477 2232 580 2308 pretiis
616 2251 676 2290 non
711 2231 806 2288 multa
847 2231 943 2290 adhuc
983 2231 1155 2289 testimonia
1195 2231 1392 2306 suppetebant
1431 2229 1513 2305 (vide
1553 2231 1654 2290 Mar·

316 2337 523 2413 quardtium
545 2335 565 2392 l.
589 2351 613 2392 s.
636 2353 659 2392 s.
684 2353 712 2410 p.
730 2332 790 2392 280
812 2334 878 2391 adn.
904 2334 972 2410 55):
999 2333 1080 2409 quod
1102 2353 1120 2391 a
1141 2335 1213 2391 viris
1236 2334 1388 2404 semisses,
1410 2351 1471 2390 uon
1493 2333 1654 2409 quadran·

316 2450 372 2510 tes,
400 2447 432 2495 ut
457 2437 572 2495 Romae
598 2437 629 2494 in
657 2436 773 2494 balneis
800 2436 938 2511 publicis,
967 2455 985 2494 a
1011 2437 1184 2495 mulieribus
1213 2453 1297 2494 asses
1324 2436 1492 2512 exiguntur,
1520 2455 1538 2493 e
1562 2437 1652 2495 lucro

316 2541 491 2601 conductori
506 2556 648 2597 concesso
671 2537 798 2596 fortasse
820 2539 1032 2614 explicandum
1054 2549 1108 2598 est.
1153 2538 1357 2613 Quaecunque
1378 2539 1564 2615 praestanda
1580 2548 1655 2598 sunt

317 2643 492 2722 singillatim
519 2641 777 2718 praescribuntur,
807 2641 915 2717 nequid
939 2642 1108 2700 desiderent
1133 2641 1184 2717 qui
1213 2641 1327 2700 balneis
1361 2648 1492 2699 utentur:
1520 2660 1605 2717 aqua
1634 2662 1652 2700 e

315 2747 425 2804 recenti
452 2746 603 2820 profluens
632 2753 691 2801 tam
719 2742 816 2801 calida
844 2763 934 2820 quam
961 2744 1070 2822 frigida
1096 2745 1142 2818 (in
1168 2744 1362 2820 hypocaustis
1388 2744 1465 2802 enim
1492 2743 1597 2803 calida
1621 2755 1654 2804 et

316 2850 425 2926 tepida,
447 2848 478 2905 in
500 2848 594 2906 labris
617 2846 727 2924 frigida
741 2847 857 2906 videtur
877 2847 996 2923 luisse),
1018 2847 1115 2905 ahena
1133 2865 1199 2904 cum
1222 2864 1295 2904 eura
1316 2856 1451 2924 purgata,
1475 2847 1593 2923 liguum
1610 2849 1652 2907 ad

315 2950 545 3010 calefaciendum
568 2950 779 3008 necessarium.
823 2947 913 3023 Quod
934 2969 1013 3026 aqua
1037 2950 1069 3007 in
1095 2949 1290 3026 hypocaustis
1320 2949 1361 3006 ad
1389 2966 1561 3008 summam
1590 2969 1651 3008 ra-

315 3073 392 3113 nam
414 3052 594 3130 praestanda
616 3051 658 3127 (v.
675 3051 728 3125 21)
745 3052 852 3109 dicitur
874 3052 942 3109 inde
964 3052 1094 3110 fortasse
1117 3051 1291 3127 explicatur,
1313 3052 1394 3127 qnod
1416 3055 1446 3110 in
1469 3051 1539 3110 lacu
1562 3055 1651 3112 ranis

315 3177 353 3214 ex
376 3175 444 3213 aere
466 3163 537 3232 puto
559 3154 645 3212 factis
668 3162 698 3210 et
719 3154 809 3212 certis
832 3155 939 3229 spatiis
962 3155 997 3210 ad
1021 3154 1150 3231 parietes
1173 3153 1275 3212 affixis
1297 3171 1393 3229 aquae
1416 3153 1545 3212 altitudo
1568 3155 1652 3213 iudi·

316 3260 447 3316 cabatur.
492 3254 644 3316 Summam
666 3256 757 3333 igitur
778 3275 880 3313 ranam
897 3257 956 3315 nisi
978 3275 1058 3332 aqua
1076 3257 1250 3332 attingebat,
1272 3275 1377 3333 parum
1398 3273 1495 3332 aquae
1515 3259 1652 3333 praesti·

314 3360 389 3418 tissa
411 3359 575 3417 conductor
596 3359 783 3433 arguebatur.
829 3357 967 3418 Ceterum
983 3360 1103 3417 aliunde
1118 3367 1262 3433 quantum
1282 3359 1344 3417 scio
1365 3358 1461 3416 simile
1483 3359 1561 3417 nihil
1585 3367 1651 3418 tra·

315 3463 408 3520 ditum
431 3479 526 3536 neque
548 3465 579 3518 in
600 3460 774 3520 balneorum
796 3461 931 3538 reliquiis
954 3479 1079 3538 usquam
1102 3462 1293 3520 observatum
1316 3468 1371 3519 est.

399 3567 499 3621 Aitna
531 3562 735 3638 (alvestona,
763 3575 793 3621 ut
819 3565 1004 3640 grammatici
1032 3565 1147 3641 aliquot
1172 3564 1362 3622 scribendum
1384 3563 1545 3639 docebant)
1570 3584 1652 3624 vasa

314 3678 384 3727 sunt
406 3685 496 3743 supra
518 3665 715 3741 hypocausim
737 3667 845 3742 posita,
871 3668 1030 3744 inquibus
1058 3685 1137 3742 aqua
1164 3667 1272 3725 balneo
1298 3666 1446 3725 destinata
1471 3667 1651 3742 calefiebat;

314 3771 401 3828 docet
427 3770 485 3828 hoc
510 3767 676 3826 Vitruvii
700 3771 902 3828 testimonium
925 3771 1048 3845 aliquod
1069 3777 1171 3828 notum
1195 3768 1223 3824 V
1246 3770 1324 3838 ll,l
1356 3767 1408 3844 (cf.
1431 3769 1652 3846 Marquardt

314 3872 333 3930 l.
357 3891 379 3931 s.
408 3891 432 3931 e.
456 3893 485 3948 p.
502 3872 560 3932 292
585 3874 652 3932 adn.
677 3873 739 3949 31).
783 3873 830 3931 Ea
855 3873 945 3949 igitur
971 3871 1132 3930 conductor
1162 3873 1279 3930 iubetur
1307 3889 1366 3929 uno
1394 3890 1512 3948 qnoque
1541 3893 1651 3934 mense

314 3975 413 4034 lauare
445 3985 552 4051 terpere
583 3975 786 4052 appeteremus]
820 3977 907 4051 adipe
939 3994 953 4032 c
984 3979 1103 4046 recenti,
1135 3975 1166 4032 id
1197 3981 1245 4034 est
1274 3994 1311 4034 ex
1343 3975 1471 4050 integro,
1503 3975 1652 4036 similiter

314 4075 407 4153 (quod
430 4078 600 4137 observavit
618 4077 879 4152 Mommsenns)
901 4085 934 4135 ut
956 4077 1091 4136 aedificia
1112 4077 1272 4136 reficienda
1294 4089 1435 4135 curantur
1448 4096 1467 4134 a
1482 4077 1546 4136 solo
1562 4079 1613 4138 vel
1630 4101 1651 4139 a

307 4180 505 4252 fundamentis
527 4191 557 4239 et
579 4199 656 4256 quae
679 4190 748 4238 aunt
770 4180 890 4238 similia.

396 4281 525 4358 Lignum
552 4283 590 4340 ad
617 4282 853 4341 calefaciendum
881 4283 1083 4340 necessarium
1111 4282 1152 4357 (v.
1170 4282 1219 4353 31,
1247 4283 1468 4357 comprehendo
1490 4283 1573 4342 enim
1597 4285 1651 4344 hic

313 4401 433 4458 quoque
455 4403 530 4460 quae
545 4387 683 4461 quamvis
700 4385 826 4443 diversis
848 4385 937 4444 huius
952 4385 1060 4461 capitis
1081 4385 1156 4443 locis
1178 4384 1291 4459 scripta
1312 4403 1344 4441 re
1366 4385 1432 4460 ipsa
1453 4392 1557 4445 tamen
1572 4405 1650 4447 con-

313 4484 461 4561 iungenda
487 4488 568 4562 erint)
596 4488 757 4547 conductor
784 4505 899 4564 semper
925 4496 1060 4562 paratum
1083 4488 1191 4545 habere
1213 4469 1344 4557 iubetur3
1373 4487 1498 4545 vendere
1527 4488 1572 4564 (v.
1589 4489 1649 4567 28)

313 4588 377 4646 eius
399 4589 474 4666 ligni
496 4590 572 4647 nihil
588 4591 614 4648 ei
636 4591 716 4662 licet,
738 4591 798 4648 nisi
818 4590 898 4665 quod
920 4591 957 4647 ad
979 4589 1211 4648 calefaciendum
1227 4607 1298 4648 usus
1320 4589 1433 4647 nullius
1456 4597 1510 4648 eat.
1558 4591 1650 4653 Haec

314 4690 378 4748 sine
401 4690 491 4748 dubio
515 4693 595 4766 liqna
617 4693 668 4750 illa
690 4700 760 4750 sunt
783 4693 825 4768 (v.
842 4692 895 4768 28)
915 4712 947 4750 ac
967 4693 1179 4752 recisnrninibaa
1197 4711 1341 4750 ramerum
1355 4711 1428 4768 qaae
1443 4694 1523 4751 ostili
1538 4695 1650 4755 idonea

312 4811 367 4850 aon
390 4802 480 4851 erunt.
523 4793 641 4852 Etenim
665 4795 851 4854 recisaminis
868 4796 1043 4854 vocabulum
1065 4795 1184 4854 aliunde
1203 4795 1333 4853 nondum
1356 4809 1459 4854 notum
1482 4795 1570 4855 facile
1592 4797 1649 4855 de·

313 4895 426 4953 rivatus
448 4915 466 4952 a
487 4895 644 4954 recidendo
663 4897 711 4954 vel
733 4899 834 4974 potius
855 4898 1026 4970 recisando;
1049 4898 1139 4956 ostile
1161 4906 1270 4969 autem,
1293 4897 1372 4974 quod
1395 4898 1428 4956 in
1450 4907 1577 4975 utraque
1600 4900 1647 4958 la-

312 4996 411 5054 minae
425 5009 509 5074 parte
524 4998 604 5056 clare
618 4999 737 5077 legitur,
760 4999 910 5058 difficilius
927 5001 1102 5076 explicatur.
1147 4997 1287 5076 Cogitavi
1303 5018 1358 5076 ego
1374 5000 1410 5058 de
1429 5001 1533 5072 astilia,
1556 5003 1647 5061 actile

313 5099 459 5158 adiectivo
482 5101 519 5158 ab
543 5101 654 5159 urendo
677 5101 803 5159 formato
830 5111 863 5160 ut
891 5103 928 5160 ab
950 5103 1059 5162 utendo
1081 5103 1173 5173 utilis,
1201 5122 1219 5160 a
1246 5101 1360 5161 suendo
1388 5104 1488 5163 sutilis
1509 5103 1646 5162 forman-
