3488 5828
361 507 433 578 222
958 527 1102 578 nassau

360 701 495 760 flamines
523 699 659 759 divorum
686 700 899 778 imperatorum
926 719 965 759 ex
991 701 1067 777 ipsis
1090 719 1191 760 eorum
1215 701 1370 761 sodalibus
1392 720 1462 762 ease
1484 702 1599 760 electos
1622 703 1693 760 iudi·

360 807 449 876 cavit,
471 805 567 862 itaut
589 802 718 878 exempli
742 803 839 881 gratia
861 814 890 861 et
912 804 1060 862 flaminem
1075 803 1272 880 Augustalem
1289 811 1319 862 et
1338 805 1489 864 llaminem
1508 803 1691 864 Claudialem

360 931 376 968 e
404 906 559 966 sodalibus
584 905 804 982 Augustalibus
833 903 1039 965 Claudialibus
1067 905 1177 964 electos
1203 924 1280 978 esse,
1312 908 1362 966 vel
1388 907 1503 982 potius,
1540 917 1574 965 ut
1599 909 1691 982 ipsius

361 1007 554 1088 Borghesii¹)
577 1007 676 1066 verbis
699 1014 775 1080 utar,
798 1007 916 1068 sodales
932 1009 1116 1084 Augustales
1133 1007 1308 1068 Claudiales
1328 1009 1478 1069 flaminem
1494 1009 1691 1086 Augustulum

361 1123 390 1172 et
412 1115 561 1170 llaminem
580 1108 766 1168 Claudialem
789 1111 933 1169 habuisse
954 1119 1111 1182 statueret;
1134 1111 1237 1170 eadem
1259 1112 1389 1171 fortasse
1410 1113 1532 1170 ratione
1555 1131 1616 1188 qua
1637 1113 1690 1170 lra-

361 1227 421 1276 tres
437 1214 568 1273 Arvales
591 1212 741 1272 flaminem
764 1213 905 1272 habuisse
927 1233 966 1272 ex
988 1233 1090 1272 eorum
1112 1214 1188 1273 actis
1211 1223 1344 1291 apparet.
1391 1213 1490 1288 Quam
1515 1216 1689 1274 seutentiam

361 1311 616 1393 Marquardtius²)
640 1325 760 1373 secutus
776 1325 832 1387 est,
855 1318 992 1391 quamvis
1008 1314 1191 1391 dubitarat).
1235 1319 1335 1392 Atque
1349 1317 1539 1394 Borghesius
1555 1317 1594 1374 ad
1611 1318 1687 1374 illam

361 1420 530 1497 opinionem
554 1437 589 1475 ea
610 1418 740 1476 maxime
763 1437 793 1474 re
816 1417 962 1477 adductus
985 1426 1030 1477 est
1052 1419 1133 1495 quod
1155 1420 1323 1495 complures
1345 1420 1483 1478 flamines
1506 1419 1686 1495 Augustales

360 1523 465 1583 eodem
488 1531 621 1595 tempore
644 1519 764 1577 sodales
787 1520 970 1596 Augustales
996 1521 1091 1579 luisse
1113 1521 1272 1596 coustat4).
1316 1520 1424 1596 Neque
1452 1531 1555 1580 mmen
1578 1523 1634 1579 hau
1654 1541 1687 1578 ex

360 1647 392 1684 re
414 1641 517 1684 omnes
540 1622 672 1680 omnium
696 1622 834 1680 divorum
856 1622 990 1681 flamines
1013 1643 1051 1680 ex
1073 1624 1149 1700 ipsis
1172 1642 1275 1682 eorum
1297 1623 1421 1682 deorum
1444 1623 1605 1682 sodalibus
1625 1642 1685 1681 esse

361 1733 498 1802 sumptos
520 1725 597 1784 ellici
619 1741 707 1800 posse
729 1723 859 1795 videtur;
882 1725 1057 1799 praesertim
1079 1744 1147 1783 cum
1169 1735 1249 1783 certa
1271 1727 1402 1784 flamonii
1420 1727 1606 1802 Augustalis
1626 1745 1684 1783 uum

361 1830 520 1890 sodalitate
541 1826 690 1884 coniuncti
713 1826 851 1902 exempla
871 1827 902 1884 in
923 1826 1116 1902 imperatoria
1137 1835 1252 1886 tantum
1275 1829 1362 1886 domo
1384 1829 1591 1900 inveniantur,
1617 1827 1684 1885 unde

361 1935 397 1990 de
420 1930 548 2009 privatis
571 1928 741 1986 hominibus
763 1938 793 1986 et
815 1929 851 1986 de
873 1946 929 1986 usu
951 1929 1087 1988 sollemni
1110 1929 1184 1988 nihil
1205 1930 1306 2006 colligi
1331 1938 1439 2007 potest.
1485 1929 1552 1988 Nec
1575 1949 1683 2007 compa·

361 2053 427 2094 rare
451 2033 520 2090 licet
541 2030 610 2089 illos
633 2031 737 2106 quales
761 2031 818 2089 sibi
840 2031 1014 2090 informavit
1030 2031 1213 2108 Borghesius
1236 2031 1369 2091 flamines
1392 2032 1532 2091 divorum
1554 2053 1620 2093 cum
1641 2033 1684 2090 fla-

361 2137 490 2196 minibus
512 2133 638 2192 sratrum
661 2133 833 2205 Arvalium;
857 2153 925 2192 uam
948 2135 1076 2192 flaminis
1098 2135 1224 2192 fratrum
1247 2135 1405 2192 Arvalium
1428 2153 1540 2194 munus
1561 2137 1621 2194 luit
1640 2155 1684 2192 ao·

361 2257 462 2309 riuum,
490 2235 624 2295 flamines
652 2235 787 2292 divorum
815 2255 869 2311 per
894 2243 987 2295 totam
1016 2237 1106 2296 vitam
1133 2237 1304 2295 flamonium
1330 2241 1533 2309 retinuerunt3
1561 2237 1642 2320 quod
1660 2245 1685 2294 et

360 2341 429 2400 inde
459 2338 607 2415 colligitur
636 2336 717 2411 quod
744 2337 865 2396 omnino
892 2339 923 2395 in
941 2339 1048 2398 ‘titulis
1077 2341 1204 2397 istorum
1231 2339 1384 2396 flaminum
1410 2341 1525 2398 mentio
1552 2341 1587 2397 fit
1607 2350 1635 2397 et
1654 2340 1686 2397 de

360 2441 531 2503 flaminibus
553 2439 771 2516 Augustalibus
793 2459 832 2498 ex
855 2439 953 2498 Taciti
976 2442 1147 2500 testimonio
1169 2449 1294 2499 constat
1337 2441 1443 2500 Refert
1464 2442 1545 2500 enim
1569 2442 1685 2500 Tacitus

361 2567 430 2604 ann.
454 2543 483 2616 2,
499 2543 537 2602 83
560 2551 630 2618 post
653 2540 826 2601 Germanici
854 2549 979 2601 mortem
1006 2543 1320 2603 senatusconsultum
1345 2561 1415 2602 esse
1436 2544 1550 2602 lactum
1574 2564 1608 2602 ns
1629 2547 1686 2619 quis

353 2652 461 2725 flumen
482 2655 533 2703 aut
553 2661 648 2720 oupur
666 2648 695 2702 iu
715 2643 806 2702 locum
823 2644 988 2704 Germanici
1002 2649 1060 2704 nisi
1072 2649 1165 2721 pontia
1180 2645 1275 2705 Iulias
1290 2655 1436 2704 crearetur
1457 2646 1572 2722 (fuerat
1594 2655 1686 2704 autem

361 2750 558 2812 Germanicus
581 2749 690 2806 flamen
712 2747 919 2823 Augustalis);
945 2748 1115 2823 exquibus
1139 2748 1236 2806 verbis
1259 2748 1394 2808 flamines
1417 2749 1608 2826 Augustales
1625 2767 1685 2825 per·

355 2865 458 2932 petuas
485 2851 578 2910 luisse
604 2851 663 2908 iam
691 2849 948 2925 Marquardtius⁵)
976 2849 1082 2909 effecit.
1126 2851 1259 2909 Maxime
1284 2860 1382 2910 autem
1409 2851 1486 2910 illud
1515 2853 1687 2928 opinionis

359 2955 529 3034 Borghesio
544 2951 716 3028 propositae
736 2961 884 3029 repugnat
899 2953 979 3029 quod
995 2971 1060 3011 mos
1076 2953 1154 3011 divis
1175 2953 1402 3031 imperatoribus
1419 2954 1557 3013 flamines
1574 2953 1685 3013 creandi

359 3061 420 3119 iam
442 3058 535 3115 multo
557 3055 640 3130 prius
662 3063 752 3112 natus
767 3064 813 3113 est
828 3073 916 3130 quam
932 3055 1052 3114 sodales
1068 3055 1203 3114 divorum
1219 3057 1278 3114 sint
1292 3056 1455 3115 constituti.
1501 3056 1609 3116 Primo
1624 3057 1685 3114 diro

361 3164 499 3238 Augusto
522 3157 642 3216 sodales
665 3157 844 3216 constitutos
867 3175 934 3216 esse
956 3177 982 3217 a.
1005 3179 1035 3235 p.
1059 3155 1092 3216 0.
1117 3158 1154 3215 14
1177 3175 1268 3234 supra
1288 3159 1434 3229 diximum
1456 3160 1613 3218 flaminem
1633 3161 1686 3218 ism

360 3265 488 3323 dictator
509 3259 623 3320 Caesar
645 3259 758 3319 babuit.
802 3262 903 3336 Atque
932 3261 986 3319 hos
1013 3278 1134 3338 quoque
1159 3260 1294 3320 flamines
1321 3260 1409 3337 (quos
1432 3261 1571 3320 Iulianos
1594 3261 1688 3340 appel·

359 3367 437 3427 latos
458 3380 524 3422 esse
547 3361 757 3436 inscriptiones
780 3361 901 3438 docent)
923 3381 940 3420 e
963 3363 1117 3422 sodalibus
1132 3363 1349 3440 Augustalibus
1371 3381 1440 3422 esse
1463 3376 1604 3442 sumptos
1618 3364 1686 3423 Bor·

360 3468 482 3548 ghesius
509 3481 579 3540 opp.
608 3465 636 3536 5,
658 3461 717 3522 202
745 3465 803 3523 sibi
829 3465 1025 3542 persuasit⁶);
1061 3465 1173 3524 scilicet
1199 3466 1268 3524 iude
1297 3467 1334 3524 ab
1361 3485 1387 3525 a.
1414 3467 1450 3524 14
1480 3485 1541 3544 quo
1573 3467 1686 3526 sodales

360 3569 546 3648 Augustales
568 3575 637 3625 sunt
657 3567 809 3626 constituti
817 3587 825 3638 3
848 3585 916 3625 uam
940 3576 1028 3626 antea
1045 3567 1216 3626 flamonium
1238 3567 1300 3626 divi
1320 3568 1391 3626 Iulii
1413 3569 1572 3646 proprium
1596 3588 1686 3629 sacer·

360 3675 472 3734 dotium
494 3670 589 3729 fuisse
611 3687 706 3745 neque
728 3689 795 3727 oum
818 3671 881 3728 ulla
902 3669 1059 3728 sodalitate
1074 3671 1261 3729 coniunctum
1278 3689 1401 3730 necesse
1419 3679 1474 3730 est.
1519 3673 1617 3748 Atqui
1632 3672 1685 3729 reri

360 3773 592 3838 dissimillimum
616 3773 733 3831 videtur
755 3773 889 3832 flamines
904 3772 1047 3845 Iulianos,
1071 3791 1139 3832 cum
1161 3773 1199 3832 ab
1221 3792 1300 3833 anno
1317 3773 1377 3832 110
1400 3792 1427 3831 a.
1444 3794 1474 3833 u.
1491 3793 1517 3834 c.
1541 3793 1638 3852 usque
1652 3771 1684 3832 ad

437 4016 460 4076 ¹)
499 4015 566 4080 Opp.
588 4015 612 4076 5,
635 4016 695 4064 202.

435 4105 460 4170 ²)
498 4103 642 4156 Hundbucd
661 4109 686 4168 4,
703 4107 766 4157 430.

436 4197 460 4262 ³)
498 4200 527 4248 L.
548 4200 564 4246 1.
585 4207 638 4248 not.
660 4199 740 4250 2963.
760 4198 840 4249 2971.

436 4291 462 4354 ⁴)
501 4290 684 4342 Germanicum
705 4291 843 4342 Caesarem
863 4291 921 4342 dico
942 4299 967 4340 et
984 4292 1115 4344 Neronem
1131 4291 1268 4344 Caesarem
1283 4292 1431 4344 Germanici
1450 4293 1545 4344 filium.
1586 4294 1682 4345 Germa·

360 4386 445 4435 nicum
466 4383 534 4432 enim
553 4383 669 4434 sodalem
689 4384 859 4448 Augustulem
878 4384 956 4434 luisse
977 4385 1081 4435 Tacitus
1101 4400 1161 4434 ann.
1183 4389 1207 4446 1,
1229 4386 1264 4435 54
1283 4393 1379 4446 narrat,
1409 4385 1543 4436 flaminem
1565 4389 1681 4450 Augusta·

359 4478 409 4527 lem
428 4476 506 4526 fuisse
525 4475 705 4540 inscriptiones
725 4477 819 4527 docent
838 4475 928 4538 (Orell.
944 4474 1005 4526 660.
1026 4478 1087 4528 661.
1109 4477 1187 4527 3064.
1209 4477 1238 4527 C.
1261 4477 1282 4538 I,
1302 4478 1333 4526 L.
1354 4476 1390 4537 11,
1413 4477 1495 4527 1617.
1515 4479 1538 4528 L
1560 4479 1594 4529 N.
1611 4478 1680 4535 2391,

360 4569 450 4630 aliae);
470 4568 541 4618 Nero
560 4567 656 4618 Caesar
675 4570 701 4618 in
721 4568 779 4618 aliis
798 4569 879 4618 titulis
891 4568 985 4634 flumen
1006 4569 1156 4636 Augustalis
1176 4569 1266 4631 (Orell.
1289 4569 1350 4619 664.
1371 4569 1444 4627 665),
1474 4571 1500 4620 in
1520 4571 1582 4621 aliis
1597 4571 1679 4636 flustra

360 4660 510 4728 Augustalis
528 4659 626 4710 sodalis
645 4660 796 4726 Augustalis
815 4662 958 4727 appellatur
978 4660 1068 4722 (Orell.
1083 4660 1144 4712 663.
1159 4662 1240 4712 2366.
1256 4661 1346 4721 2368).
1384 4661 1472 4711 Etiam
1491 4663 1608 4714 Drusum
1626 4663 1678 4712 ca·

358 4770 441 4804 sarem
461 4753 560 4804 Tiberii
580 4752 661 4802 filium
673 4752 801 4818 flaminem
820 4753 984 4819 Augustulus
1003 4754 1108 4804 exhibet
1126 4755 1214 4804 titulus
1234 4754 1314 4805 Orell.
1335 4755 1387 4803 211
1400 4773 1432 4794 =
1444 4755 1595 4806 Mommsen
1614 4757 1677 4804 insat.

358 4848 433 4897 Helv.
456 4846 503 4908 175
523 4846 569 4895 sed
589 4845 681 4894 mirum
703 4852 740 4895 est
759 4847 785 4894 in
805 4847 864 4894 aliis
877 4846 958 4894 Drusi
978 4847 1058 4895 titulis
1077 4862 1130 4896 non
1148 4847 1204 4895 fleri
1222 4847 1378 4895 mentionem
1399 4845 1558 4910 dominatus,
1578 4849 1677 4898 maxime
1731 4875 1732 4916 j

358 4941 381 4990 si
399 4939 537 4988 contuleris
556 4938 636 4988 Drusi
662 4939 762 4987 titulum
782 4937 811 4988 0.
837 4938 858 4986 1.
878 4940 908 4988 L.
928 4938 976 5000 VI,
998 4937 1051 4989 910
1075 4954 1132 4988 cum
1153 4938 1303 4990 Germanici
1327 4939 1401 4988 titulo
1421 4937 1451 4990 0.
1472 4937 1673 5001 1.1..v'1‚soa
1731 4967 1732 4992 ,

359 5031 448 5094 (Orell.
469 5030 559 5092 3064).

435 5123 458 5186 ⁵)
495 5120 600 5173 Haridb.
620 5123 645 5184 4,
667 5123 719 5174 431
741 5137 765 5171 n.
787 5123 866 5174 2963.

437 5213 460 5276 ⁶>
500 5215 667 5268 Contradisit
686 5215 736 5264 iam
756 5216 894 5266 Henzenus
914 5216 983 5282 apud
1002 5214 1172 5280 Borghesium
1192 5215 1209 5264 l.
1229 5215 1246 5264 1.
1267 5223 1319 5266 not.
1334 5215 1358 5266 5.
