3496 5828
340 565 386 639 68
430 565 431 568 ‘
930 587 1076 639 ananau

334 760 411 818 libro
435 777 500 817 meo
522 759 661 834 exempla
681 758 764 830 dedi3
787 776 846 818 non
869 759 1003 835 sequitur
1024 769 1057 817 ut
1078 760 1177 837 ipsum
1200 758 1348 818 aerarium
1371 758 1469 834 spatio
1492 765 1538 815 sat
1559 773 1671 831 magno

334 861 371 919 ab
399 862 474 920 aede
501 858 623 920 Saturni
651 861 828 936 diremptum
854 861 954 932 luerit,
982 880 1037 920 nec
1064 871 1163 938 potest
1190 879 1262 919 sane
1291 860 1386 936 sequi,
1415 859 1557 935 quoniam
1586 877 1672 916 aera·

332 963 410 1022 rium
433 964 464 1020 in
486 963 553 1040 ipsa
574 961 648 1021 aede
670 963 765 1021 fuisse
788 973 849 1021 tam
863 963 1010 1022 Varronis
1031 982 1121 1039 quam
1136 963 1251 1022 Lucani
1266 962 1357 1021 verba
1379 969 1537 1019 testantur.
1581 977 1672 1036 prae·

331 1077 414 1125 terea
440 1073 544 1124 notum
571 1075 618 1124 est
647 1074 737 1140 atque
765 1084 784 1122 a
805 1063 934 1123 Klenzio
956 1064 1113 1142 (Philolop.
1137 1065 1282 1124 Aelianus.
1305 1083 1334 1139 p.
1354 1062 1406 1138 18)
1432 1063 1552 1140 egregie
1574 1079 1671 1136 expo·

332 1169 422 1226 situm
450 1167 487 1225 de
514 1167 618 1226 eodem
647 1167 748 1224 valere
775 1167 911 1225 aedilicio
933 1167 1013 1243 quod
1036 1167 1193 1244 Appianas
1219 1175 1321 1225 narret
1342 1167 1370 1223 b.
1394 1185 1420 1222 o.
1446 1166 1473 1235 l,
1497 1164 1532 1221 31
1558 1162 1598 1224 εἷς
1621 1155 1672 1218 τδν

331 1271 385 1326 rod
404 1258 512 1352 Kpo'vou
536 1263 603 1326 uenio
626 1255 660 1325 od
681 1270 738 1328 τοῖς
759 1261 873 1337 rapiam
903 1269 958 1345 (ita
985 1269 1123 1327 emendat
1144 1269 1230 1327 codd.
1259 1269 1437 1345 scripturam
1461 1258 1527 1326 rods
1548 1256 1671 1340 ταμίας)

331 1368 421 1454 ἐχρῆν
443 1361 560 1438 ὀμνύναι
582 1372 722 1446 quodque
745 1372 777 1429 in
800 1371 902 1429 tabula
923 1371 1054 1429 Bantina
1076 1371 1219 1447 scriptum
1244 1371 1283 1428 sit
1305 1389 1332 1426 v.
1349 1367 1388 1426 12
1411 1367 1563 1443 r'Jourooto
1586 1368 1672 1442 apud

329 1482 507 1548 quaestorem
537 1474 577 1530 od
602 1477 755 1546 aerarium,
784 1472 913 1549 denique
942 1473 1022 1549 quod
1043 1472 1150 1531 Livius
1177 1472 1288 1530 referat
1309 1470 1374 1546 (29,
1398 1468 1447 1541 39,
1474 1468 1525 1545 12)
1552 1487 1615 1525 oum
1638 1472 1668 1526 r'a

328 1575 404 1649 lepos
426 1577 552 1633 iurasset
576 1573 609 1633 C.
635 1572 776 1632 Claudios
799 1585 824 1633 et
846 1578 876 1632 ia
898 1578 1043 1634 aerarium
1066 1575 1243 1634 escendisset.
1287 1573 1335 1630 his
1359 1571 1459 1630 verbis
1481 1571 1589 1646 nequis
1612 1589 1668 1647 pu·

328 1676 438 1734 taverit
459 1677 609 1734 aerarium
633 1677 663 1734 in
685 1687 786 1734 monte
810 1677 900 1734 situm
923 1675 1016 1736 fuisse
1039 1676 1163 1748 adstrui,
1190 1683 1309 1733 cautum
1337 1681 1385 1732 est
1407 1671 1562 1733 Ciceronis
1586 1671 1669 1730 Fon·

329 1777 446 1837 teianae
469 1777 636 1854 fragmento
659 1777 864 1837 Niebuhriano
888 1777 932 1853 (3,
954 1779 1002 1854 4):
1026 1781 1170 1838 acoaatio
1193 1795 1267 1852 quoe
1292 1775 1449 1852 [s]aoilius
1467 1778 1564 1850 possit
1585 1773 1668 1849 Au]-

327 1885 376 1956 pr's
399 1899 485 1956 quom
503 1878 644 1956 pauc[o]s
666 1884 764 1938 aerari
783 1881 894 1956 produc
917 1881 1076 1953 ascendere,
1104 1897 1164 1956 quo
1191 1879 1362 1938 testimonio
1390 1877 1519 1955 diligens
1541 1877 1573 1934 in
1596 1895 1668 1935 con·

329 1981 485 2056 quirendis
509 1981 688 2040 testimoniis
712 1983 840 2059 scriptor
861 1981 1000 2059 Nibbyus
1024 1981 1130 2054 (Romo
1151 1985 1249 2040 antica
1272 1978 1301 2051 2,
1325 1979 1397 2055 114)
1418 1989 1498 2037 recte
1522 1997 1596 2038 usus
1620 1996 1666 2036 es-

330 2092 385 2156 set,
408 2083 467 2142 nisi
490 2083 526 2141 de
549 2084 622 2142 aede
647 2082 768 2144 Saturni
795 2085 862 2159 ipsa
890 2091 1022 2144 errasset
1048 2103 1114 2143 cum
1143 2083 1222 2141 aliis.
1266 2083 1321 2140 hos
1344 2081 1454 2158 gradus
1477 2099 1545 2140 esse
1567 2080 1665 2139 scalas

328 2184 431 2260 templi
460 2183 582 2245 Saturni
611 2203 685 2244 sane
712 2205 853 2264 magnas,
882 2205 1009 2262 quarum
1042 2186 1150 2243 rudera
1177 2203 1254 2244 nuno
1280 2202 1400 2259 quoque
1428 2191 1590 2260 supersunt
1612 2201 1665 2258 ap-

327 2293 414 2362 paret
435 2305 491 2344 neo
512 2288 611 2345 minus
634 2293 747 2346 eertum
770 2297 817 2347 est
838 2306 889 2347 eos
911 2287 982 2347 lieet
999 2287 1085 2346 multi
1107 2287 1219 2346 fuerint
1241 2296 1340 2344 tamen
1362 2304 1433 2362 prae
1450 2286 1527 2344 mole
1550 2285 1664 2363 ingenti

330 2387 452 2464 Alpium
475 2407 589 2465 paucos
612 2399 680 2467 apte
702 2389 760 2448 diei
783 2390 927 2467 potuisse.

409 2491 474 2548 lam
496 2509 532 2548 eo
555 2491 734 2550 devenimus
756 2501 789 2550 ut
811 2509 989 2568 quaeramus
1012 2510 1071 2568 quo
1095 2493 1158 2550 iure
1180 2509 1260 2550 nune
1281 2511 1299 2548 a
1320 2491 1471 2566 plerisque
1494 2489 1584 2548 aedes
1609 2487 1665 2549 Sa-

326 2592 405 2650 turni
436 2593 474 2650 ad
501 2593 599 2651 forum
628 2594 686 2652 sita
714 2593 793 2652 binis
820 2595 987 2672 appelletur
1014 2593 1086 2670 Opis
1114 2604 1141 2653 et
1162 2594 1286 2653 Saturni
1307 2592 1487 2651 nominibus.
1532 2591 1597 2650 eius
1620 2591 1663 2648 rei

324 2703 441 2753 constat
465 2694 584 2754 unicum
608 2703 715 2754 testem
737 2714 804 2754 esse
826 2707 878 2754 aut
900 2707 979 2754 certe
1001 2696 1105 2754 haberi
1126 2695 1245 2754 titulum
1268 2693 1567 2754 Orellianum1506:
1591 2713 1662 2750 nam

324 2796 361 2854 de
385 2794 510 2855 Victore
531 2797 641 2857 fictioio
668 2799 827 2875 postmodo
850 2798 1024 2857 videbimus.
1070 2799 1118 2856 hio
1144 2797 1249 2857 titulus
1278 2797 1358 2873 apud
1386 2794 1550 2855 Gruterum
1575 2795 1661 2864 26,3

327 2898 406 2956 unde
429 2898 562 2958 Orellius
585 2919 653 2958 eum
676 2900 876 2977 transcripsit,
899 2902 942 2959 sic
964 2901 1061 2960 editus
1083 2910 1143 2959 est:

703 3076 784 3116 Romae
799 3075 829 3116 ad
842 3081 922 3127 sepum
936 3079 1034 3116 tacemus
1050 3075 1073 3114 tn
1088 3073 1280 3123 marrrrorosroeto

597 3173 696 3218 LOCVS
711 3189 718 3203 ·
735 3175 933 3218 ADSlGNATVS
950 3189 956 3202 ·
972 3176 1041 3218 aaut
1064 3190 1070 3204 ·
1088 3175 1138 3218 Ol’l
1155 3188 1161 3202 ·
1180 3176 1236 3216 ET·
1253 3174 1384 3216 SATVRNI

600 3279 637 3318 1.·
654 3277 795 3320 ΝΝΝΑΤΙΟ
812 3292 818 3306 ·
836 3276 918 3320 VERO
936 3291 942 3305 ·
962 3277 995 3318 ΕΤ
1012 3289 1018 3304 ·
1035 3277 1073 3319 c·
1090 3275 1246 3318 TERENTlO
1262 3292 1268 3306 ·
1285 3276 1384 3318 rauce

810 3378 909 3422 CVRAT
926 3393 932 3408 ·
948 3377 1027 3420 OPER
1044 3392 1050 3406 ·
1068 3379 1172 3421 PVBLlC

825 3493 852 3524 es
866 3481 975 3523 lloaoctlo
989 3487 1009 3523 et
1023 3492 1063 3523 ma.
1078 3482 1157 3524 Metelli

325 3603 354 3660 in
376 3601 611 3680 Epigrammatis
634 3602 717 3661 urbis
732 3601 847 3661 Romae
868 3603 992 3680 eiusque
1007 3601 1164 3662 Addendis
1185 3602 1342 3679 impressis
1365 3601 1446 3678 apud
1467 3601 1659 3664 Mazochium

323 3721 382 3762 non
411 3714 505 3776 extat,
534 3724 588 3763 nec
615 3704 750 3762 meminit
776 3704 857 3763 illius
885 3703 1025 3782 syllegae
1052 3713 1156 3762 auctor
1185 3705 1372 3763 Albertinius
1398 3705 1428 3762 in
1456 3704 1660 3781 descriptione

324 3804 426 3876 Urbis,
455 3807 526 3864 licet
552 3805 690 3882 pluribus
717 3805 757 3862 ibi
786 3805 822 3864 de
849 3807 965 3865 aerario
994 3805 1176 3883 Saturnique
1204 3807 1316 3884 templo
1343 3805 1550 3884 disputaverit.
1596 3827 1658 3866 non

324 3909 523 3965 meminerunt
544 3907 721 3986 astygraphi
743 3908 855 3967 saeculi
870 3925 931 3967 xvr.
976 3910 1030 3968 sed
1051 3917 1172 3988 praeter
1186 3909 1294 3968 mirum
1311 3910 1368 3967 hoc
1389 3911 1509 3968 testium
1532 3910 1657 3968 idoneo·

320 4029 386 4068 rum
409 4010 561 4068 silentium
584 4010 680 4086 ipsius
704 4011 784 4068 tituli
808 4011 899 4068 verba
916 4011 1000 4083 milri,
1024 4031 1061 4071 ox
1084 4029 1143 4088 quo
1166 4013 1296 4087 primum
1318 4011 1452 4070 intellexi
1476 4029 1584 4070 nomen
1608 4032 1657 4070 ae·

320 4111 367 4169 dis
384 4110 461 4189 Opis
485 4121 514 4170 et
530 4109 652 4171 Saturni
675 4112 732 4170 hoc
755 4111 821 4170 solo
844 4113 1024 4172 documento
1046 4132 1115 4173 esse
1135 4114 1290 4184 munitum,
1313 4113 1516 4191 suspicionem
1540 4115 1655 4192 gravis·

322 4214 428 4270 simam
452 4221 618 4272 moverunt.
662 4233 760 4290 neque
783 4214 861 4272 enim
884 4215 1021 4274 conditae
1043 4216 1287 4292 instaurataeque
1308 4216 1490 4292 aliquotiens
1513 4217 1581 4274 aedi
1601 4214 1656 4277 Sa·

319 4315 398 4372 turni
420 4316 519 4391 potuit
540 4334 577 4373 ea
599 4322 705 4386 aetate,
728 4334 818 4392 quem
841 4316 945 4376 titulus
968 4318 1025 4376 iste
1048 4319 1217 4388 ementitur,
1244 4318 1329 4376 locus
1353 4318 1411 4377 dici
1434 4317 1588 4394 adsignari
1611 4319 1656 4377 ni·

319 4416 428 4474 mirum
455 4415 628 4475 condendae
662 4417 928 4489 instaurandaeve3
961 4437 1057 4495 neque
1083 4439 1155 4479 vero
1188 4417 1366 4497 adsignandi
1400 4419 1580 4479 vocabulum
1614 4423 1656 4480 ita

319 4527 482 4594 usurpatur
503 4525 536 4576 ut
557 4519 656 4594 possit
678 4520 714 4576 de
737 4520 880 4578 attributo
901 4520 933 4579 in
955 4539 1042 4580 usum
1062 4523 1146 4580 aedis
1169 4523 1281 4581 dudum
1303 4521 1440 4581 conditae
1460 4522 1528 4580 loco
1551 4523 1654 4581 nescio

319 4637 380 4694 quo
402 4619 518 4696 attiguo
540 4621 645 4697 accipi.
690 4621 742 4680 sed
764 4621 906 4697 quoniam
926 4642 1021 4698 nuper
1041 4623 1221 4682 Mommseni
1248 4623 1452 4700 disputatione
1475 4623 1650 4699 (Ephem.l

318 4739 346 4796 p.
364 4720 402 4780 a?
420 4722 477 4797 ss.)
511 4723 607 4780 edocti
641 4739 747 4782 sumus
774 4721 966 4783 Guteustenii
997 4725 1086 4784 fidem
1119 4732 1289 4802 suspectam
1316 4743 1393 4798 esse,
1426 4727 1505 4784 huno
1533 4743 1654 4803 quoque

317 4823 446 4897 titulum,
471 4842 530 4899 quo
553 4824 591 4882 ad
615 4845 705 4884 unum
726 4842 830 4884 omnes
853 4835 994 4903 tanquam
1016 4829 1146 4903 genuino
1168 4834 1257 4886 antea
1279 4827 1325 4886 nsi
1348 4834 1427 4898 sunt,
1450 4827 1653 4886 damnandum

317 4943 383 4983 esse
406 4926 495 4984 facile
517 4945 595 4985 nunc
617 4927 669 4984 tibi
697 4927 728 4984 in
751 4927 895 4985 Actorum
922 4937 1040 4988 tuorum
1068 4929 1175 4988 ultima
1203 4929 1321 5005 pagella
1348 4929 1440 4987 verbo
1468 4929 1653 5007 significanti

316 5044 405 5100 quam
429 5027 501 5085 mihi
524 5027 663 5102 pluribus
685 5028 838 5086 enarranti
862 5030 949 5104 periti
971 5031 1077 5089 malint
1098 5031 1253 5089 adsentiri.
1298 5042 1423 5107 apparet
1451 5041 1552 5088 autem
1575 5031 1652 5088 duas

317 5129 447 5186 maxime
469 5146 517 5185 res
540 5127 663 5187 falsario
687 5129 816 5204 tingendi
839 5132 994 5190 materiam
1018 5132 1241 5210 suppeditasse:
1271 5133 1399 5209 primum
1422 5132 1500 5190 enim
1524 5151 1561 5190 eo
1583 5133 1652 5208 ipso

317 5229 397 5300 loco,
419 5248 479 5305 quo
502 5229 595 5290 istum
618 5231 747 5308 lapidem
774 5233 929 5293 inventum
956 5253 1023 5294 esse
1044 5235 1125 5308 dicit,
1151 5231 1204 5294 ‘ad
1226 5243 1340 5312 septem
1363 5228 1525 5307 lucernas’,
1552 5253 1653 5311 reper-
