3516 5828
350 551 422 618 114
781 567 1056 618 nnnrrauna'ra
1084 567 1167 618 rou.
1187 569 1241 617 tur

346 741 472 818 prolatis
494 741 524 798 in
546 741 604 798 hoc
626 741 722 817 primo
738 741 900 798 voluminis
921 740 1040 817 septimi
1062 740 1270 818 supplemento
1289 742 1441 798 coniunxi.
1474 741 1592 798 Viliora
1609 758 1682 816 quo·

345 861 419 918 que,
441 861 519 918 quae
541 843 611 901 alibi
635 843 767 901 solemus
790 841 956 913 secludere,
980 842 1161 919 sepulcralia
1182 843 1372 901 instrumenti
1394 843 1498 900 titulos
1521 842 1595 913 alia,
1618 843 1684 900 exi-

348 946 467 1002 stimavi
496 945 596 1002 statim
623 945 817 1021 proponenda
842 962 909 1001 csse
931 963 997 1001 cunr
1021 945 1153 1021 reliquis.
1196 945 1258 1004 Ubi
1284 945 1360 1002 enim
1389 943 1591 1020 infrequentes
1614 953 1686 1002 sunt

347 1047 423 1104 tituli
447 1047 529 1103 utin
553 1047 704 1122 plerisque
727 1046 901 1105 Britanniae
924 1047 1105 1122 regionibus,
1134 1046 1208 1105 illud
1236 1047 1333 1124 ipsum
1355 1046 1437 1122 qnod
1458 1047 1581 1106 omnino
1604 1046 1686 1104 tituli

347 1149 482 1207 cuiusvis
508 1150 673 1226 argumenti
694 1150 860 1226 prodierint
882 1168 972 1225 saepe
995 1168 1054 1206 non
1077 1149 1153 1206 levis
1176 1149 1316 1206 momenti
1338 1167 1406 1206 esse
1428 1149 1467 1206 ad
1487 1150 1686 1224 quaestiones

347 1252 542 1328 gravissimas
573 1251 733 1310 solvendas
764 1270 822 1309 non
850 1251 990 1329 ignorant
1018 1251 1171 1310 doctrinae
1197 1251 1406 1328 epigraphicae
1433 1251 1531 1327 periti.
1582 1249 1686 1309 Omisi

346 1363 460 1411 tantum
484 1355 673 1412 vasculorum
701 1354 816 1429 aliquot
837 1353 940 1411 titulos
962 1353 1104 1410 Londinii
1126 1360 1156 1410 et
1177 1353 1208 1410 in
1230 1353 1352 1422 vicinia,
1379 1354 1451 1410 item
1474 1353 1565 1411 Isurii
1588 1371 1687 1428 nuper

346 1464 461 1526 erutos3
489 1455 519 1513 id
546 1455 624 1513 enim
652 1474 747 1531 genus
773 1455 953 1532 peculiarem
982 1455 1114 1530 postulat
1140 1455 1396 1526 retractationem,
1428 1474 1503 1530 quae
1532 1463 1604 1530 post
1632 1473 1685 1510 ro-

345 1557 460 1614 lumina
491 1557 626 1634 syllogae
656 1557 791 1616 Gallicae
818 1569 847 1615 et
874 1557 1069 1616 Germanicae
1098 1557 1179 1615 edita
1206 1559 1318 1616 maiore
1343 1577 1410 1616 cum
1436 1557 1534 1614 fructu
1562 1557 1686 1614 institui

347 1661 466 1736 poterit.

347 1920 395 1976 Ad
421 1919 490 1977 nl.
535 1920 638 1978 Edidit
664 1921 750 1979 etiam
781 1919 931 1980 Gilbert
958 1940 1059 1998 surrey
1085 1925 1120 2000 os
1145 1921 1290 1979 Comwall
1318 1941 1346 1998 p.
1373 1921 1445 1992 199,
1479 1921 1532 1979 sed
1560 1931 1685 1980 secutus

387 2021 571 2080 Borlusium.

347 2283 394 2340 Ad
418 2302 446 2340 n.
463 2283 514 2340 12.
559 2283 643 2342 Haec
665 2284 804 2342 videntur
826 2295 939 2344 tantum
963 2287 992 2343 iu
1015 2287 1115 2362 lapide
1137 2287 1228 2346 luisse

1004 2543 1192 2586 aaroni

888 2645 1050 2687 cuuvnro
1079 2651 1093 2681 a
1121 2645 1195 2686 nrvr

1028 2747 1192 2788 annau

1008 2849 1095 2892 aron
1131 2854 1145 2884 a
1175 2849 1194 2888 τ

767 2954 779 2992 s
960 2949 1115 2993 nousrorr
1143 2951 1195 2992 niv

890 3056 904 3088 a
938 3052 1064 3094 cassani
1095 3067 1101 3080 ·
1132 3053 1195 3094 avc.

796 3136 1237 3196 asrffi·1ur·rur·cossrv

892 3255 907 3297 s
941 3268 948 3283 ·
982 3254 1001 3297 c
1034 3269 1041 3282 ·
1074 3255 1095 3296 v
1128 3269 1135 3283 ·
1168 3257 1194 3298 ra

386 3497 517 3572 Reliqua
532 3493 643 3572 Gough
663 3505 714 3554 aut
732 3497 798 3555 eius
814 3497 927 3555 amicus
944 3497 1166 3574 suppleverunt.
1204 3496 1287 3556 Haec
1302 3497 1344 3555 ita
1362 3516 1429 3557 esse
1444 3498 1491 3556 W.
1507 3497 1565 3556 Th.
1584 3499 1676 3558 Wat-

347 3598 410 3656 kin
432 3598 613 3670 observarit,
635 3599 763 3658 fortasse
786 3607 873 3658 recte.

345 3858 390 3919 5³
414 3861 486 3935 (ins.
510 3868 580 3936 post
608 3881 637 3919 n.
659 3861 721 3935 35).
770 3859 982 3939 Saroophagus
1008 3879 1194 3920 marmoreus
1223 3881 1286 3938 rep.
1314 3883 1340 3921 a.
1372 3863 1451 3921 1867
1477 3863 1508 3920 in
1539 3860 1675 3939 Claptoa.

388 3961 533 4039 Superest
555 3980 661 4022 versus
684 3963 762 4021 tituli
787 3963 907 4022 ultimus
930 3965 1013 4023 solus

922 4203 1095 4246 mastrtttvs

388 4408 488 4466 Price
511 4412 699 4467 uansactioas
726 4410 760 4482 os
785 4411 828 4468 tle
851 4409 973 4467 London
999 4411 1061 4468 aad
1084 4409 1248 4467 Middleaec
1274 4409 1506 4485 urciceoloqical
1531 4415 1634 4487 society
1656 4409 1673 4466 3

345 4530 374 4587 p.
395 4510 451 4569 196
476 4511 558 4587 (inde
582 4511 630 4569 W.
655 4511 712 4568 Th.
736 4511 875 4568 Watlrin
898 4513 1041 4570 urclraeol.
1057 4513 1157 4584 journ.
1181 4513 1231 4583 31,
1257 4511 1335 4570 1874
1358 4531 1387 4588 p.
1405 4511 1488 4588 352).

346 4718 393 4775 Ad
416 4739 444 4776 n.
461 4717 516 4778 63.
555 4720 661 4795 Prope
677 4721 781 4797 Aquas
804 4729 952 4798 repertum
974 4740 1041 4780 esso
1063 4721 1235 4798 aliquando,
1258 4721 1313 4780 sed
1335 4721 1459 4797 periisse
1480 4729 1588 4797 postea
1606 4722 1674 4780 titu-

385 4820 457 4894 lum,
479 4822 510 4878 in
532 4840 592 4898 quo
615 4841 722 4880 nomen

867 4962 933 5018 alae
955 4960 1159 5019 Procttleiaaae

386 5130 525 5189 distincte
553 5132 695 5207 scriptum
723 5132 845 5204 fuisset,
875 5153 912 5191 ex
939 5133 1119 5192 indicatione
1147 5133 1276 5209 quadum
1304 5151 1393 5190 manu
1421 5133 1535 5209 scripta
1561 5131 1670 5190 rettulit

386 5231 435 5292 W.
458 5233 516 5291 Th.
540 5233 692 5292 Watlrin.
