3496 5828
342 511 390 580 54
930 529 1078 578 nuuzsrc

340 703 441 761 differt
467 721 485 760 a
511 702 630 761 schedis
653 701 765 760 Metelli
795 701 898 760 titulus
921 701 992 772 975,
1013 703 1049 758 10
1076 721 1095 758 a
1119 701 1250 760 Grutero
1277 699 1446 774 descriptus
1470 699 1526 756 sic:
1556 699 1611 755 ds
1628 693 1673 776 ml

332 807 442 881 flaviae
462 825 490 863 a.
515 805 533 861 l.
552 802 555 884 1
571 808 691 880 porpiae
713 807 826 879 caniupi
847 801 851 882 1
873 805 939 862 lena
961 805 1098 880 morentii
1113 805 1246 878 fecerant
1263 801 1266 880 1
1285 811 1303 858 t.
1319 803 1429 876 flavias
1451 804 1545 857 acaria
1563 800 1567 875 1
1585 802 1675 857 tarci-

343 907 399 964 lius
421 925 483 965 eros
501 903 505 986 1
522 917 547 965 et
561 909 656 982 flavia
681 907 766 981 niplre
783 902 786 984 1
804 910 889 962 matri
917 906 1034 978 dulciss,
1064 924 1131 963 cum
1159 905 1297 963 Metellus
1326 903 1400 962 haec
1426 903 1573 980 proferat:
1605 903 1674 980 disi

341 1009 470 1067 manibus
488 1010 577 1085 islaui
593 1009 597 1084 1
614 1027 641 1065 α.
664 1008 682 1064 l.
697 1008 836 1083 parpiade
856 1009 860 1084 1
878 1011 989 1084 coniupi
1011 1009 1204 1084 benetnelrenti
1218 1009 1351 1081 secarunt
1368 1007 1372 1082 1
1390 1017 1408 1064 t.
1422 1008 1531 1081 flavius
1555 1002 1672 1082 acoris-l

342 1122 386 1169 tas
409 1120 435 1170 st
455 1111 584 1170 torelli-us
601 1111 605 1186 1
623 1129 684 1168 eros
712 1119 737 1166 et
752 1111 847 1184 slavia
870 1128 949 1178 eros‚·
975 1110 1044 1168 item
1069 1109 1139 1181 596,
1156 1110 1184 1180 9,
1212 1109 1244 1167 in
1266 1109 1352 1167 cuius
1375 1128 1422 1166 vv.
1441 1107 1468 1166 4.
1493 1108 1510 1166 5
1533 1107 1565 1165 in
1588 1107 1675 1166 sche-

341 1214 387 1272 dis
419 1212 538 1288 quidem
572 1212 681 1288 legitur
714 1227 915 1269 uxonrxuvs·
939 1227 1083 1270 cxssnnts
1107 1213 1110 1288 1
1133 1225 1673 1282 sve·TER·H51.1sts·ntst³ENS,

342 1314 492 1374 Gruterus
513 1323 611 1372 autem
634 1314 756 1372 omissis
779 1314 878 1372 verbis
900 1329 1214 1372 avorsa-sensum
1237 1314 1342 1372 scribit
1364 1313 1420 1369 sic:
1444 1321 1559 1370 coss-m
1570 1356 1655 1371 ......
1667 1313 1671 1392 1

343 1431 565 1476 utst’srcssron.
611 1415 749 1490 Denique
775 1415 805 1472 in
832 1416 919 1473 titulo
943 1416 1020 1491 apud
1039 1414 1201 1474 Gruterum
1225 1415 1329 1488 805‚9
1353 1415 1410 1472 loci
1434 1415 1578 1473 indicatio
1600 1416 1674 1474 haec

341 1529 388 1578 est
410 1519 506 1594 Burpi
527 1522 556 1575 in
578 1517 728 1588 Hanania,
751 1537 817 1575 cum
839 1517 870 1575 iu
893 1518 1012 1576 schedis
1034 1518 1216 1577 Metelliunis
1242 1518 1357 1594 legatur
1377 1512 1409 1574 ‘a
1430 1513 1579 1575 leletre'.
1625 1519 1673 1575 ln-

341 1621 553 1699 terpolstiones
575 1619 632 1677 hae
654 1637 713 1677 non
736 1627 854 1678 constat
875 1627 974 1678 utrum
997 1641 1015 1682 a
1037 1619 1235 1680 Gutenstenio
1258 1620 1409 1698 proiectae
1430 1619 1491 1678 sint
1512 1639 1616 1678 necne.

424 1722 606 1780 Examinavi
642 1741 732 1798 porro
770 1741 848 1800 quae
884 1722 1025 1800 leguntur
1060 1723 1090 1780 in
1123 1723 1237 1780 Metelli
1273 1723 1375 1780 codice
1409 1721 1556 1781 Vaticano
1590 1724 1672 1782 6031]

341 1825 377 1902 (l.
394 1822 572 1898 309-328)
596 1832 738 1900 excerpta
760 1843 798 1882 ex
820 1824 982 1883 cardinalis
1006 1823 1169 1901 Carpensis
1192 1825 1302 1898 codice,
1325 1843 1413 1900 quem
1436 1825 1575 1902 syllogcn
1599 1825 1674 1883 Fra-

341 1928 396 1986 tris
413 1926 538 1984 Iucundi
554 1927 739 1984 continuisse
755 1937 833 1986 recte
855 1926 999 1984 iudicavit
1013 1927 1218 1985 Mommsenus
1241 1927 1283 2004 (p.
1298 1927 1363 2003 70),
1386 1928 1557 2004 exemplum
1573 1938 1673 1986 autem

341 2031 436 2088 luisse
463 2028 645 2087 recensionis
674 2029 781 2086 tertiae
810 2028 973 2088 ostendunt
1007 2029 1086 2086 tituli
1121 2029 1268 2106 virginum
1307 2028 1476 2088 Vestalium
1504 2031 1534 2086 in
1562 2032 1583 2088 f.
1613 2030 1673 2088 324

341 2130 499 2208 propositi.
543 2130 583 2188 Et
610 2150 712 2210 eorum
740 2131 860 2206 quidem
885 2149 957 2208 pars
983 2131 1066 2208 prior
1094 2130 1127 2206 (i.
1145 2131 1345 2207 sas-320),
1367 2132 1509 2208 inscripta
1529 2129 1576 2191 ‘aa
1600 2134 1674 2191 libro

341 2238 574 2311 cpiprammatum
595 2236 855 2308 manuscriptorum
876 2251 971 2292 recens
994 2234 1150 2292 cardinalis
1168 2234 1260 2310 Carpi
1275 2235 1314 2292 M.
1333 2234 1370 2292 D.
1384 2230 1494 2307 vass
1517 2254 1575 2292 non
1593 2255 1676 2292 com-

342 2337 482 2413 plectitur
504 2335 561 2393 nisi
588 2337 721 2394 carmina
743 2335 885 2394 admixtis
907 2337 1072 2395 notissimis
1094 2337 1274 2412 quibusdem
1296 2337 1384 2394 medii
1400 2337 1464 2394 aevi
1488 2337 1677 2396 fictionibus:

342 2441 395 2498 illa
417 2458 483 2496 cum
506 2438 614 2495 hebeat
635 2437 755 2513 quidem
779 2435 937 2508 GruteruS,
967 2438 1019 2495 sed
1042 2438 1079 2496 ab
1101 2439 1276 2496 auctoribus
1300 2439 1437 2512 diuersis,
1465 2459 1523 2498 non
1547 2451 1679 2515 apparet

342 2561 411 2600 num
435 2539 651 2600 Gutenstenius
679 2559 715 2596 ca
743 2539 771 2597 ei
800 2539 1001 2615 descripserit.
1046 2538 1219 2616 Sequuntur
1241 2541 1261 2598 i.
1278 2539 1332 2599 321
1367 2545 1573 2616 epiprammata
1602 2527 1677 2600 non-

341 2644 424 2702 nulla
446 2653 567 2702 aeteram
589 2660 737 2700 serenans
759 2645 953 2717 manuscripto
976 2644 1070 2700 coelice
1091 2644 1247 2701 cardinalis
1271 2643 1436 2718 Carpensis,
1464 2665 1480 2701 e
1502 2625 1613 2720 quibus
1638 2648 1677 2704 ad

343 2747 444 2804 urbem
467 2764 527 2802 non
550 2745 700 2821 pertinent
721 2743 780 2802 nisi
802 2763 838 2801 ea
860 2763 936 2819 quse
959 2744 978 2801 i.
997 2744 1170 2802 321-324
1195 2746 1360 2823 perscripta
1382 2755 1461 2818 sunt,
1484 2767 1549 2804 crrrm
1572 2757 1679 2808 cetera

238 2877 241 2882 ·
342 2855 475 2925 spectent
508 2847 546 2904 sd
579 2846 800 2920 Iustinopolim,
833 2845 994 2919 Histriam,
1029 2849 1243 2925 Arrsgnniam,
1277 2848 1466 2920 Ravennam,
1499 2849 1678 2925 Mytilenas,

342 2951 518 3021 Auximum,
554 2948 700 3020 Brixiam,
734 2948 870 3006 civitates
898 2949 982 3007 alias.
1028 2949 1077 3007 Ex
1105 2950 1152 3007 his
1180 2949 1274 3007 titulis
1297 2947 1515 3008 Gutensteuius
1537 2952 1678 3026 potiores

342 3061 421 3112 certe
445 3049 576 3109 Grutero
599 3050 785 3128 excerpserit
807 3069 930 3109 necesse
952 3061 1007 3122 cst,
1030 3071 1095 3108 cum
1119 3052 1263 3126 quosdam
1288 3072 1389 3110 eorum
1413 3061 1533 3112 auctore
1557 3053 1679 3113 Guten-

342 3155 439 3212 stenio
468 3151 619 3212 Gruterus
647 3153 761 3211 afferet.
806 3151 874 3225 Qua
905 3162 1002 3210 autem
1031 3154 1145 3212 ratione
1172 3154 1203 3212 in
1231 3155 1277 3214 his
1306 3155 1402 3213 titulis
1430 3155 1583 3214 tradendis
1611 3156 1678 3216 Gu-

343 3255 508 3314 tenstenius
532 3261 667 3312 versatus
690 3255 739 3326 sit,
762 3255 821 3312 iem
843 3255 1007 3314 videamus.

427 3358 523 3416 Adest
542 3357 572 3415 in
594 3357 745 3432 excerptis
762 3357 942 3416 Meteliianis
964 3359 1121 3416 notissima
1136 3359 1292 3437 inscriptio
1309 3360 1488 3419 thermarum
1506 3360 1679 3421 Diocletia-

342 3481 447 3520 nsrum
470 3457 658 3534 (c.1.1..s,
678 3459 771 3534 1130)
799 3459 841 3518 ita
867 3459 931 3517 fere
953 3467 985 3517 ut
1010 3461 1120 3538 legitur
1142 3461 1221 3536 apud
1244 3463 1442 3533 Mazochium,
1470 3463 1587 3522 scilicet
1617 3467 1679 3524 sic:

341 3563 413 3620 DD.
434 3581 482 3619 nn.
505 3561 692 3620 diocletianas
720 3571 746 3618 at
770 3563 982 3620 maximilianus
1008 3566 1106 3620 invicti
1132 3569 1256 3622 seniores
1283 3563 1378 3641 Aapp.
1404 3577 1503 3641 patres
1531 3573 1623 3642 impp.
1652 3579 1682 3626 st

341 3682 450 3723 caesar.
479 3674 505 3722 et
530 3665 557 3722 d.
581 3664 608 3720 d.
629 3684 656 3721 n.
678 3683 705 3720 a.
727 3667 901 3722 constantius
933 3675 960 3723 et
984 3669 1173 3724 maximianas
1200 3670 1299 3725 invicti
1330 3685 1417 3743 anpp.
1445 3677 1470 3725 et
1502 3687 1617 3728 severas
1652 3684 1682 3730 et

341 3770 530 3826 maximianus
563 3766 732 3823 nobilissimi
763 3785 893 3824 caesares
927 3767 1048 3824 tlrermas
1073 3768 1175 3840 salices
1203 3769 1379 3826 Diocletiani
1411 3789 1478 3845 asp.
1504 3775 1603 3846 patris
1632 3779 1682 3830 sai

341 3872 449 3928 nomini
477 3878 680 3927 consecrarant
707 3872 793 3943 ceptis
821 3871 958 3945 aedificiis
983 3888 1039 3944 pro
1066 3875 1138 3928 tanti
1164 3875 1257 3945 operis
1279 3875 1473 3947 mapnitudina
1498 3877 1572 3929 omni
1596 3875 1680 3932 culta

338 3973 484 4049 perfectas
498 3971 636 4028 Romanis
658 3973 718 4027 sais
741 3969 918 4028 dedicarunt.
962 3970 1037 4029 Eam
1060 3971 1156 4048 ipsam
1173 3970 1322 4032 Gruterus
1345 3975 1546 4045 effert179‚l
1572 3993 1679 4054 sump-

343 4083 414 4145 tam,
436 4081 469 4130 ut
490 4073 542 4142 sit,
562 4067 590 4128 'e
613 4089 668 4130 ms.
692 4071 771 4130 card.
797 4070 960 4149 Carpensis
983 4092 1018 4130 aa
1040 4069 1166 4131 Metelli’
1189 4074 1278 4149 plene
1301 4075 1450 4135 diversam
1473 4077 1527 4134 ite:
1559 4079 1610 4136 dd.
1627 4099 1677 4138 nn..

346 4176 376 4236 0.
405 4175 504 4232 Aurel.
530 4173 595 4232 Val.
623 4174 823 4232 Diocletianus
851 4186 875 4234 et
903 4175 945 4232 M.
975 4177 1075 4233 Aurei.
1103 4176 1165 4235 Val.
1196 4177 1391 4236 Manimianus
1417 4182 1516 4237 invicti
1548 4185 1681 4242 seniores

343 4277 438 4352 Aapp.
458 4287 556 4352 patres
579 4279 666 4352 impp.
690 4287 716 4334 et
737 4295 810 4334 cass.
830 4296 862 4353 p.
875 4297 907 4352 p.
925 4321 931 4334 .
950 4321 956 4334 .
973 4321 979 4334 .
999 4323 1004 4334 .
1022 4323 1028 4334 .
1047 4322 1053 4336 .
1072 4321 1078 4334 .
1096 4323 1101 4334 .
1119 4321 1125 4334 .
1143 4325 1146 4331 .
1167 4323 1173 4335 .
1192 4322 1197 4334 .
1216 4323 1222 4335 .
1240 4323 1246 4336 .
1264 4321 1270 4335 .
1289 4281 1401 4338 ddnn.
1419 4281 1467 4338 Fl.
1488 4282 1582 4341 Valer.
1603 4284 1679 4344 Con-

345 4382 467 4438 stantius
484 4387 509 4436 ct
525 4377 623 4436 Galen.
642 4377 734 4436 Valer.
749 4379 924 4438 dlasiminns
940 4380 1109 4438 nobilissimi
1124 4399 1254 4440 caesares
1263 4383 1294 4456 ff
1303 4427 1308 4440 .
1327 4425 1333 4438 .
1352 4425 1357 4438 .
1375 4425 1381 4437 .
1400 4427 1406 4440 .
1424 4426 1429 4438 .
1448 4427 1454 4438 .
1473 4427 1479 4440 .
1498 4427 1524 4440 ..
1540 4429 1546 4441 .
1561 4430 1567 4442 .
1582 4429 1589 4440 .
1606 4430 1613 4442 .
1628 4433 1633 4444 .
1649 4431 1655 4444 .
1671 4433 1678 4446 .

344 4482 465 4540 thermas
480 4480 583 4555 salices
605 4480 783 4538 Diocletiana
805 4492 918 4556 coaptas
942 4483 1077 4556 audiistis
1097 4501 1154 4558 pra
1177 4487 1250 4542 tanti
1271 4488 1365 4560 aperis
1386 4487 1579 4560 mapnitudine
1602 4495 1682 4548 omni

343 4585 421 4642 cultu
448 4585 507 4639 iam
531 4585 674 4658 perfectus
700 4586 809 4640 numini
836 4586 897 4641 eius
927 4594 1137 4642 consecrarant.
1182 4584 1271 4658 Quod
1294 4587 1464 4665 exemplum
1489 4607 1556 4647 cum
1578 4609 1679 4668 neque

344 4684 414 4742 slibi
431 4701 558 4759 usquam
574 4703 669 4761 neque
684 4684 714 4742 in
729 4684 804 4758 ipsis
822 4685 938 4743 schedis
950 4686 1130 4744 Metellianis
1147 4685 1378 4748 sGutcnstenio
1390 4690 1533 4750 adhibitis
1548 4691 1678 4767 legatur,

343 4794 423 4845 recte
445 4787 566 4845 omnino
588 4786 793 4845 Mommsenus
816 4787 848 4862 (l.
865 4807 888 4846 c.
906 4807 935 4864 p.
953 4788 1007 4864 71)
1030 4790 1187 4848 confictum
1209 4789 1239 4846 id
1261 4809 1329 4849 esse
1353 4792 1430 4852 dixit
1451 4794 1490 4852 sd
1507 4794 1679 4853 Mszochia-

343 4908 415 4947 num
438 4889 484 4948 vel
501 4889 697 4948 Mszochiano
721 4889 828 4947 simile.
873 4887 1014 4965 Sequitur
1036 4891 1115 4967 spud
1132 4891 1284 4950 Metellum
1306 4895 1429 4953 mutilus
1451 4905 1481 4954 et
1502 4895 1591 4954 valde
1614 4915 1679 4956 cor·

343 4997 450 5067 ruptus
477 4991 582 5050 titulus
604 4988 778 5063 O.1.L.s,
797 4990 875 5050 1196
904 4993 947 5050 sio
976 5003 1152 5069 conceptus:
1182 4997 1269 5070 impp.
1292 4997 1455 5055 clamantiss.
1472 4999 1597 5072 feliciss.
1623 5010 1679 5058 tato

345 5095 411 5151 orbs
425 5093 553 5152 victorib.
571 5093 699 5151 Arcadio
714 5093 846 5151 Honorio
862 5104 888 5153 et
903 5095 1059 5154 Theodosia
1075 5115 1178 5171 aappp.
1196 5097 1237 5153 aa
1252 5115 1376 5172 perenne
1392 5100 1527 5158 iudicium
1542 5101 1678 5176 triumplu.

346 5196 424 5270 qaod
437 5195 554 5253 Zellar.
570 5199 710 5254 nationem
725 5200 755 5253 in
770 5214 848 5254 amne
864 5215 961 5254 assam
977 5201 1075 5256 docere
1090 5201 1145 5256 eati
1159 5217 1256 5256 arcam
1271 5201 1453 5260 cimnlaclris
1469 5220 1565 5260 aarum
1581 5207 1680 5261 triam·
