3488 5828
495 486 570 536 nux
596 485 760 535 murnum
786 485 1036 539 vrrnscansrs.
1356 474 1426 542 187

93 665 200 745 pretiis
222 664 281 724 sibi
303 661 457 723 solvendis
480 659 545 720 sire
559 659 596 718 de
610 660 746 718 mercede
768 659 881 720 laboris
897 660 1090 732 deducendis;
1114 682 1203 738 quarn
1220 666 1313 724 mutui
1336 667 1428 724 ratio-

92 789 161 830 nem
182 768 289 828 dicunt
315 767 380 826 sive
407 765 452 824 tdc
478 763 560 822 truce
581 771 688 839 system
708 761 846 840 Angliee.
888 761 1002 822 Notum
1024 773 1069 824 est
1091 775 1165 842 quot
1184 776 1355 843 quantaque
1377 769 1427 828 de-

91 873 232 932 trimenta
253 869 402 946 accipiant
423 886 442 926 a
463 865 597 926 cuiusvis
616 864 735 942 generis
753 865 958 926 venditoribus
978 866 1030 944 qui
1050 867 1081 926 in
1103 869 1281 928 aurifodinis
1298 867 1426 930 Oelilor-

89 975 167 1034 nicis
188 971 428 1048 Australicisque
455 969 493 1029 ob
519 969 586 1028 anri
612 985 728 1028 sacram
754 967 863 1028 famem
889 969 1000 1029 samem
1027 970 1167 1048 sitimque
1189 979 1219 1031 et
1247 961 1335 1049 siqua
1357 985 1428 1033 sunt

88 1077 195 1154 peiora
216 1075 354 1134 tolerant.
390 1072 445 1132 Eis
468 1073 494 1132 si
509 1077 685 1150 procurator
706 1071 815 1149 aliquis
830 1071 1020 1132 metallorum
1035 1073 1244 1133 conductionis
1265 1075 1425 1136 locationis

89 1181 189 1257 legem
209 1179 300 1236 talem
322 1175 421 1234 dicere
442 1183 556 1251 posset,
581 1175 700 1252 qualem
722 1174 832 1234 dictem
853 1175 949 1236 fuisse
970 1175 1107 1236 videmus
1130 1185 1199 1236 ante
1221 1177 1342 1237 saecule
1362 1179 1425 1238 lere

89 1279 297 1357 duodeviginti
326 1277 447 1338 metallo
483 1277 664 1354 Vipascensi
695 1277 727 1336 in
759 1276 932 1350 Lusitania,
966 1278 1003 1337 de
1036 1279 1111 1357 ipsis
1145 1279 1253 1338 melius
1287 1288 1425 1360 ageretur

89 1385 188 1461 eique,
211 1383 264 1460 qni
285 1400 383 1440 rernm
404 1380 591 1456 publicarum
614 1399 716 1440 euram
738 1389 839 1458 agunt,
862 1381 951 1440 etiam
965 1381 1039 1442 fisco
1060 1381 1182 1460 publico
1203 1383 1332 1442 reditum
1354 1383 1423 1442 inde

89 1493 234 1562 pararent
254 1502 315 1544 non
336 1482 577 1562 spernendum1).

1127 1587 1209 1646 Anu.
1232 1585 1378 1648 Hdauen.

407 2295 751 2360 ADNOTATIONES
775 2297 843 2356 ΤΗ.
859 2295 1097 2360 MOMMSENI.

169 2489 220 2547 Ad
241 2507 271 2564 p.
289 2487 357 2544 171.
400 2483 513 2561 Legem
536 2503 568 2544 se
591 2502 657 2544 esse
683 2485 750 2562 ipsa
775 2485 879 2544 tabula
904 2486 1053 2558 enuntiat3
1079 2465 1179 2562 qualis
1202 2508 1273 2548 vero
1295 2489 1346 2548 lex
1369 2489 1418 2560 sit,

82 2591 247 2670 quaeritur.
291 2587 356 2648 Len
375 2588 497 2647 metallis
522 2590 597 2646 dicta
620 2607 696 2665 quae
718 2587 904 2667 significatur
926 2607 953 2648 v.
970 2588 1021 2661 59,
1048 2589 1086 2646 ab
1109 2589 1165 2648 hec
1188 2590 1309 2666 siquid
1332 2590 1418 2650 video

81 2695 205 2753 diversa
219 2699 278 2751 est:
302 2689 527 2768 primumquod
543 2709 601 2749 uno
616 2691 684 2750 loco
699 2699 826 2766 excepto
844 2690 885 2766 (v.
903 2691 956 2766 51)
973 2689 1091 2749 fodinae
1106 2709 1159 2748 eae
1174 2691 1210 2749 de
1231 2691 1340 2768 quibus
1361 2691 1417 2751 hac

82 2797 151 2874 lege
166 2796 273 2874 agitur,
296 2813 356 2853 non
370 2792 491 2852 metalla
507 2793 654 2866 dicuntur,
677 2792 730 2852 sed
745 2792 912 2864 metallum
935 2792 1042 2852 deiude
1057 2793 1137 2870 quod
1152 2793 1195 2850 ita
1209 2794 1251 2853 ibi
1266 2795 1303 2854 de
1318 2797 1416 2874 puteis

82 2899 197 2959 metalli
230 2896 427 2976 Vipascensia
461 2902 597 2968 cavetur,
630 2903 665 2954 ut
696 2894 881 2954 remittamur
914 2895 952 2953 ad
983 2895 1080 2972 legem
1113 2895 1242 2954 metallis
1276 2896 1416 2956 omnibus

81 3001 163 3077 (lisci
185 3000 313 3076 seilicet)
330 3001 525 3058 communiter
540 2998 649 3072 dictam
664 2997 841 3073 metallaque
857 3017 893 3057 ea
912 2999 1053 3058 universa
1071 3007 1261 3076 opponantur
1276 2999 1342 3058 duic
1354 3019 1416 3060 cco·

82 3104 178 3181 cipali,
204 3103 236 3161 id
262 3109 309 3160 est
335 3101 456 3160 metallo
483 3099 677 3178 Vipascensi.
725 3101 909 3160 Procurator
936 3119 1008 3160 sane
1035 3100 1085 3158 ubi
1113 3101 1282 3160 nominatur
1308 3101 1416 3162 dicitur

82 3209 135 3283 qui
155 3205 278 3264 metallis
296 3207 424 3282 praeerat
446 3203 487 3278 (v.
505 3201 559 3278 21)
582 3203 629 3262 vel
651 3203 831 3262 metallorum
853 3201 894 3278 (v.
912 3201 929 3260 2
954 3204 971 3261 3
995 3202 1035 3262 30
1058 3203 1127 3278 57);
1150 3204 1203 3262 sed
1224 3203 1300 3262 nihil
1321 3205 1415 3284 impe-

82 3308 135 3380 dit,
156 3308 314 3384 quominus
328 3307 355 3366 is
370 3305 534 3386 praefuerit
548 3305 677 3364 metallis
693 3305 840 3383 pluribus,
860 3315 934 3383 puta
946 3306 985 3365 iis
1001 3325 1077 3383 quac
1092 3306 1123 3364 in
1137 3304 1297 3366 Lusitania
1311 3317 1415 3368 essent

80 3411 130 3471 vel
157 3411 188 3469 in
209 3409 361 3488 Hispania
388 3409 536 3468 universa.
580 3407 687 3486 Neque
712 3417 812 3468 autem
838 3409 889 3467 lex
917 3409 991 3468 baec
1012 3407 1211 3485 proficiscitur
1232 3427 1251 3465 a
1273 3428 1415 3486 procura·

81 3523 147 3572 tore
167 3513 366 3586 metallorum,
389 3530 456 3570 cum
471 3511 687 3570 immunitatem
703 3511 919 3588 ludimagistris
933 3511 983 3570 det
1001 3530 1019 3569 a
1033 3518 1227 3587 procuratore
1245 3527 1280 3570 eo
1304 3511 1346 3588 (v.
1360 3513 1414 3590 57)

79 3617 181 3690 itaque
204 3615 230 3672 is
252 3615 318 3692 ipse
341 3633 376 3673 ea
398 3623 543 3672 teneatur.
587 3613 644 3672 Est
671 3613 763 3692 igitur
789 3614 839 3672 lex
868 3613 981 3672 fiscalis
1009 3613 1046 3671 ab
1074 3613 1142 3688 ipso
1164 3615 1345 3690 imperatore
1368 3622 1412 3673 ut·

80 3725 151 3795 pote
172 3717 286 3776 metalli
300 3717 496 3792 Vipascensis
519 3714 639 3774 domino
662 3716 688 3773 ei
704 3715 825 3774 metallo
847 3715 934 3773 dieta.
980 3713 1068 3776 Subit
1090 3725 1188 3774 autem
1211 3734 1246 3774 ea
1268 3715 1413 3791 quodam·

79 3820 170 3878 modo
197 3819 228 3876 in
253 3819 350 3878 locum
378 3819 477 3898 legum
504 3837 618 3890 earum,
648 3819 756 3893 quibus
778 3818 1001 3876 constituuntur
1023 3817 1159 3876 coloniae
1181 3817 1411 3894 municipiaque.

80 3921 187 3999 Neque
209 3923 288 3980 euim
310 3921 411 4000 agitur
432 3922 462 3978 in
484 3921 550 3997 lege
572 3921 609 3978 de
632 3921 699 3979 sola
723 3940 755 3978 rc
777 3919 956 3990 metallaria,
985 3937 1163 3996 quamquam
1186 3919 1359 3995 primarium
1381 3919 1411 3976 in

78 4025 146 4102 lege
173 4025 271 4082 locum
299 4025 336 4082 ab
363 4043 400 4082 ea
425 4023 554 4082 obtineri
576 4030 806 4082 cousentaneum
828 4031 882 4095 est,
911 4023 964 4082 sed
990 4022 1172 4081 territorium
1194 4023 1235 4080 ibi
1257 4023 1412 4080 ordinetur

79 4127 169 4186 certis
203 4126 312 4185 finibus
346 4127 591 4202 comprehensum
628 4124 721 4200 (intra
741 4127 815 4202 fines
844 4123 907 4183 ul
933 4123 970 4182 10
994 4123 1032 4182 58
1058 4128 1088 4182 ia
1106 4125 1214 4202 fluidus
1243 4143 1266 4183 e.
1290 4128 1321 4182 r'n
1337 4126 1411 4201 fines

78 4247 106 4286 v.
124 4228 163 4287 46
187 4228 241 4298 51;
267 4231 297 4286 in
322 4227 397 4302 v[icc
424 4228 531 4286 metalli
549 4227 731 4303 reparemur
753 4227 827 4302 inve]
857 4229 994 4285 territoria
1016 4229 1076 4285 eius
1098 4245 1125 4285 v.
1144 4227 1197 4302 37)
1225 4227 1325 4302 itaque
1348 4245 1410 4284 orn-

78 4331 152 4388 nino
183 4329 313 4407 positum
342 4337 429 4388 extra
457 4329 532 4388 fines
561 4329 743 4388 coloniarum
776 4330 1080 4405 municipiorumque;
1114 4329 1194 4404 quod
1226 4329 1409 4388 territorium

80 4450 147 4490 cum
175 4452 238 4490 rem
267 4431 417 4508 publicam
443 4451 505 4490 non
531 4431 649 4504 babeat,
677 4431 771 4490 nihilo
798 4432 896 4490 minus
918 4429 1137 4507 quodammodo
1159 4449 1213 4508 pro
1236 4431 1410 4509 republica

77 4540 134 4594 est]
178 4533 214 4592 ld
236 4535 411 4610 praesertim
434 4533 615 4610 intellegitur
641 4553 680 4592 ex
706 4553 742 4594 eo
770 4535 850 4610 quod
876 4533 986 4618 legitur
1008 4553 1035 4592 v.
1053 4533 1106 4592 57:
1134 4533 1195 4592 ludi
1215 4537 1367 4610 muyistros
1390 4555 1410 4594 a

74 4721 281 4732 -ι--ι--ο-

173 4824 197 4886 ¹)
235 4826 375 4891 Postquam
389 4825 453 4876 baec
471 4827 596 4890 impressa
614 4833 674 4876 sunt
693 4825 904 4879 Soromenins
922 4827 1062 4877 sciscitanti
1075 4827 1138 4877 mibi
1158 4827 1289 4891 rescripsit
1307 4826 1407 4876 lammi-

73 4933 137 4968 nam
162 4932 222 4968 casu
246 4919 377 4968 inventam
402 4933 458 4969 esse
477 4919 543 4969 inter
562 4919 710 4969 iodinarum
730 4919 935 4984 explorationem
963 4935 1015 4970 una
1034 4936 1091 4970 cum
1112 4920 1223 4970 nummis
1243 4923 1407 4988 reliquiisque

71 5011 246 5072 instrumenti,
274 5012 344 5076 quali
363 5027 456 5077 operas
475 5011 606 5063 Romanos
625 5027 686 5062 usos
705 5027 759 5062 esso
779 5013 912 5077 probabile
933 5014 979 5077 sit;
1005 5027 1123 5064 nummos
1148 5013 1288 5064 maximam
1307 5021 1406 5078 partem

71 5103 186 5167 Augusti
213 5119 277 5166 esse,
302 5105 416 5170 reliquos
439 5119 519 5170 usque
543 5105 576 5154 ad
596 5105 738 5156 Arcadium
763 5105 900 5170 pertinere.
939 5106 1012 5168 Quae
1038 5107 1126 5156 omnia
1149 5121 1206 5156 eum
1231 5107 1256 5155 in
1281 5104 1408 5174 Aly‘rrstrel

70 5193 159 5245 adbuc
179 5203 349 5260 servarentur,
370 5196 485 5248 nondum
505 5198 649 5249 accuratius
668 5213 695 5248 se
715 5198 886 5248 examinasse.
