3488 5828
484 517 556 566 nux
583 517 749 566 nannum
776 514 1027 566 vrensonnsts.
1346 493 1415 565 173

91 691 172 761 trini,
195 692 345 762 tonstrini,
367 691 556 750 tabernarum
578 691 781 761 fulloninrum‚
808 697 859 748 aut
886 690 1016 748 fortasse
1039 706 1188 766 suspenso
1211 708 1229 746 a
1250 691 1417 766 praescrip-

93 794 184 852 tionis
207 796 300 852 totius
323 795 398 871 legis
421 795 475 852 tali
497 795 557 852 iere
580 794 723 852 formula:
754 812 827 869 quaa
847 795 959 869 nepot-ia
982 794 1110 869 officiave
1127 801 1301 868 procurator
1322 793 1418 851 newl-

93 897 186 954 lorum
208 916 242 955 eu
263 897 317 954 lac
340 898 399 972 lcpe
421 897 563 967 locaverit,
586 915 680 954 eorum
701 900 875 972 negotiorum
897 898 1087 972 officiarumve
1108 897 1291 954 conductores
1313 896 1419 971 singuli

89 1003 242 1076 pensiones
263 1001 335 1074 fisco
362 1000 491 1057 soluanto
514 1003 552 1057 eis
584 999 791 1056 condicionibus
818 1018 892 1074 quae
913 1001 993 1072 infra
1019 1001 1143 1073 scriptae
1169 1007 1246 1068 sunt3
1281 998 1420 1057 videlieet

93 1102 200 1160 balinei
214 1103 334 1179 fluendi
355 1105 461 1176 pensio
484 1102 527 1159 ita
547 1101 693 1159 solvenda
715 1101 761 1158 vel
784 1101 944 1160 similiter..
972 1099 1050 1158 Tres
1073 1101 1124 1157 alii
1154 1100 1231 1158 tituli
1254 1100 1283 1176 (I
1299 1101 1330 1158 11
1347 1101 1419 1177 VII)

94 1213 192 1262 utrum
219 1205 357 1280 genetivo
384 1222 422 1261 an
449 1204 630 1262 nomiuntIvo
657 1204 792 1278 concepti
822 1203 882 1262 sint
908 1223 945 1260 ex
972 1203 1183 1262 vocabulorum
1211 1204 1315 1262 formis
1344 1203 1419 1278 ipsis

95 1315 179 1365 certo
210 1325 272 1365 non
305 1307 449 1382 seqnitur.
501 1303 688 1364 Centesimae
716 1307 794 1363 enim
827 1315 857 1364 et
889 1306 1053 1381 scripturae
1085 1306 1155 1364 illae
1188 1307 1276 1365 etiam
1310 1306 1419 1382 plurali

95 1427 219 1468 numero
241 1409 334 1467 dictae
355 1427 422 1468 esse
443 1419 580 1485 possunt,
603 1409 645 1466 ita
666 1418 698 1466 ut
720 1409 931 1486 intellegantur
945 1409 1124 1466 centesimae
1145 1427 1200 1485 pro
1222 1429 1281 1466 una
1303 1427 1420 1485 quaqua

95 1512 288 1587 stipulatione
311 1511 479 1589 argentaria
501 1511 672 1569 solvendae.
717 1509 887 1588 Scripturas
910 1520 969 1570 tum
986 1511 1079 1570 dictas
1095 1529 1162 1568 esse
1183 1513 1358 1586 putaverim,
1382 1510 1419 1568 si·

95 1614 207 1672 militer
229 1625 262 1673 ut
284 1623 430 1672 vetustam
453 1630 632 1690 pascuorum
655 1613 843 1690 scripturam,
870 1614 1029 1689 pensiones
1057 1613 1254 1690 praeconibus
1281 1633 1336 1688 pro
1362 1631 1420 1672 uno

95 1734 214 1792 quoque
241 1717 402 1793 praeconio
430 1717 598 1774 solvendas.
642 1715 725 1773 Haec
750 1717 864 1774 incerta
885 1734 952 1774 esse
975 1716 1049 1788 scio;
1079 1716 1130 1774 sed
1159 1735 1218 1775 non
1240 1716 1337 1794 magis
1359 1735 1421 1774 cer-

97 1829 158 1876 tam
181 1828 254 1894 puto
276 1837 365 1894 quam
387 1809 812 1895 Mommseuus'pr'oposuit
840 1819 869 1876 in
893 1817 1084 1876 adnotatione
1105 1819 1185 1876 infra
1205 1818 1305 1896 posita
1327 1818 1423 1893 expli·

96 1921 250 1979 cntionem.
294 1922 392 1998 Magis
412 1921 461 1979 hic
476 1940 594 1997 quoque
611 1921 727 1978 ridetur
748 1920 948 1997 intellegenda
969 1939 1038 1980 esse
1060 1921 1216 1980 conductio
1232 1921 1295 1980 site
1316 1921 1423 1998 pensio

94 2023 276 2082 centesimae
297 2023 482 2102 argentariae
505 2023 716 2100 stipulationis
743 2023 906 2098 scripturae
928 2025 1089 2100 praeconiI,
1117 2025 1282 2099 scripturae
1304 2041 1421 2082 scaura·

95 2127 209 2184 riorum
231 2135 261 2184 et
282 2127 479 2184 testariorum.
523 2124 604 2184 Nam
626 2126 706 2201 quod
726 2126 758 2184 in
785 2126 879 2184 titulis
900 2126 984 2184 hisce
1006 2128 1043 2184 ab
1066 2126 1160 2184 altero
1188 2126 1324 2203 genetivo
1347 2125 1423 2184 alter

94 2246 264 2304 snspensas
290 2237 336 2286 est
362 2247 422 2286 non
454 2227 578 2286 offendit
603 2229 634 2286 iu
661 2247 798 2287 sermone
825 2228 900 2305 Iegis
927 2248 988 2287 non
1014 2227 1052 2286 ad
1080 2228 1196 2287 dicendi
1219 2239 1312 2288 artem
1334 2228 1422 2288 anxie

93 2331 235 2402 formato,
263 2331 314 2390 ssd
342 2331 441 2407 potius
462 2331 574 2389 inculto
596 2331 706 2407 quique
728 2331 936 2408 perspicuitati
962 2339 1076 2388 tantum
1099 2332 1252 2390 inserviat.
1296 2331 1424 2388 Restant

96 2433 177 2492 tituli
200 2433 258 2492 duo
281 2433 471 2492 nominativis
495 2437 584 2490 certis
607 2433 742 2509 concepti
764 2432 839 2491 VIII
862 2433 1074 2508 ludimagistri
1100 2443 1130 2491 et
1151 2432 1198 2490 IX
1223 2437 1422 2509 usurpationes

89 2546 245 2613 puteorum
267 2539 325 2594 sice
343 2539 548 2612 pittaciarium.
592 2535 672 2594 Nam
696 2536 909 2611 ludimagistri
930 2535 1020 2593 verbu
1040 2554 1100 2593 non
1122 2555 1176 2612 pro
1199 2537 1345 2611 genetiuis
1372 2537 1422 2594 ha-

95 2639 197 2697 benda
222 2655 290 2696 esse
319 2638 409 2696 verba
435 2638 530 2714 ipsius
558 2638 665 2713 capitis
694 2637 769 2713 (ludi
794 2641 945 2712 magistros
962 2680 968 2694 .
986 2681 992 2695 .
1010 2681 1017 2696 .
1034 2641 1168 2695 irnnrunes
1196 2656 1255 2696 esse
1281 2637 1422 2714 [placet])

94 2740 240 2811 suadent,
262 2744 461 2816 usurpationes
483 2748 590 2809 autem,
613 2757 672 2797 non
694 2742 899 2815 usurpationis,
926 2739 1042 2798 videtur
1066 2759 1171 2798 revera
1193 2739 1335 2814 scriptum
1357 2757 1424 2798 esse

93 2844 129 2901 in
156 2861 234 2914 aere,
262 2843 399 2920 quamvis
425 2861 460 2900 eo
492 2843 558 2900 loco
585 2860 706 2900 corroso
734 2860 828 2917 neque
855 2859 980 2917 prorsus
1005 2842 1175 2918 perspicuo.
1220 2839 1280 2901 Sed
1307 2841 1425 2900 etiamsi

93 2949 295 3021 usurpationis
317 2945 436 3002 dedisse
459 2945 682 3020 quadratarium
711 2953 763 3001 aut
785 2952 863 3002 certe
886 2943 956 3002 dara
980 2943 1111 3002 voluisse
1136 2945 1304 3016 statuimus,
1332 2953 1426 3002 restat

89 3051 293 3125 pittaciariuna
313 3047 419 3118 forma,
442 3065 519 3122 quae
534 3064 704 3122 quanquam
726 3046 844 3123 etipsa
865 3053 964 3122 potest
986 3047 1141 3124 genetivus
1163 3063 1230 3104 esse
1252 3065 1271 3103 a
1292 3046 1426 3106 norniua·

94 3150 162 3208 tiro
180 3153 349 3226 pittaciares
372 3157 424 3208 aut
443 3152 612 3226 pittaciaria
634 3159 713 3207 recte
734 3148 892 3220 formatus,
916 3158 1014 3207 tamen
1030 3149 1082 3206 vix
1102 3149 1297 3224 probabiliter
1318 3151 1427 3224 poterit

95 3253 239 3329 coniungi
265 3270 331 3310 cum
360 3251 563 3326 usurpationis
590 3250 749 3321 vocabulo,
776 3250 920 3326 quidquid
945 3251 1156 3326 praeterendo
1179 3252 1267 3310 huius
1290 3252 1366 3310 tituli
1389 3253 1426 3311 si-

95 3354 290 3432 gnificatione
312 3373 384 3412 sane
406 3354 593 3412 subobscura
615 3352 802 3412 iudicaverIs.
847 3353 951 3430 Itaque
973 3354 1003 3410 in
1026 3354 1180 3412 titulorum
1203 3354 1299 3412 forma
1318 3373 1426 3430 aequa-

98 3457 247 3516 bilitatem
275 3475 335 3514 non
362 3457 457 3534 magIs
484 3455 618 3514 videmus
646 3465 794 3514 servatam
821 3473 888 3514 esse
914 3473 1004 3531 quam
1032 3456 1062 3514 iu
1090 3457 1239 3532 serIptura
1260 3465 1290 3514 et
1315 3458 1344 3514 in
1368 3475 1427 3516 ser·

96 3577 189 3618 mone
211 3559 299 3618 huius
321 3559 406 3636 legis.
450 3557 545 3616 Multo
568 3558 656 3616 etiam
679 3559 776 3616 minus
799 3559 830 3617 in
852 3559 1006 3616 titulorum
1033 3559 1110 3617 serie
1132 3569 1230 3617 certus
1252 3560 1325 3618 ordo
1348 3559 1427 3618 vide-

95 3673 152 3720 tur
172 3663 347 3721 observatus
369 3677 446 3719 esse.
490 3659 575 3718 Licet
597 3661 673 3718 euim
696 3670 767 3735 post
792 3661 982 3720 centesimam
1011 3662 1198 3738 argentariae
1224 3661 1427 3737 stipulationis

96 3771 182 3823 recte
204 3772 346 3840 sequatur
374 3763 522 3838 scriptura
548 3763 701 3840 praeconii
728 3764 902 3839 possintque
930 3763 1020 3820 etiam
1047 3781 1107 3821 non
1129 3764 1229 3839 inepte
1251 3764 1332 3840 iungi
1355 3763 1427 3822 bali-

99 3885 192 3926 neum
219 3867 365 3925 sntriuum
392 3865 572 3924 tonstrinum
598 3864 750 3936 fullonica,
776 3871 876 3924 tamen
903 3877 992 3942 caput
1018 3865 1108 3924 breve
1136 3866 1217 3942 quod
1240 3875 1287 3924 est
1308 3867 1344 3924 de
1365 3865 1428 3924 ludi

97 3969 254 4046 magistris
283 3969 481 4046 interponitur
507 3967 621 4026 ratione
644 3967 726 4025 nulla
750 3968 827 4025 inter
849 3968 1027 4044 scripturam
1050 3968 1267 4026 seaurariorum
1291 3979 1320 4024 et
1341 3985 1427 4026 usur-

96 4073 240 4150 pationes
263 4081 427 4149 puteorum.
473 4067 610 4128 Ceterum
634 4090 671 4128 ne
693 4071 723 4128 in
745 4071 861 4147 legibus
877 4069 995 4146 quidem
1016 4069 1122 4146 populi
1144 4069 1273 4128 Romani
1296 4069 1428 4128 ordinem

98 4175 217 4235 servari
238 4183 350 4232 certum
372 4179 403 4232 et
423 4173 613 4250 perspicuum
641 4172 691 4229 lex
713 4173 791 4231 lulis
812 4171 1003 4248 municipalis
1025 4179 1165 4244 testatur;
1194 4173 1224 4230 in
1246 4171 1313 4250 Iege
1334 4171 1428 4232 Urso-

98 4277 190 4336 nensi
212 4276 290 4334 idem
311 4295 407 4352 nuper
428 4275 588 4334 observare
610 4275 698 4332 licuit.
744 4275 791 4333 De
815 4275 971 4332 uniuersae
993 4275 1084 4350 igitur
1106 4274 1181 4351 legis
1203 4293 1311 4352 genere
1333 4284 1364 4334 et
1384 4275 1429 4332 in-

99 4379 172 4438 dole
194 4378 282 4437 etiam
304 4398 342 4437 ex
364 4378 518 4438 titulorum
542 4387 726 4436 serratorum
750 4377 852 4436 ordine
874 4377 946 4434 certi
967 4377 1042 4435 nihil
1065 4377 1229 4436 deducitur.

187 4479 299 4540 Notum
321 4488 367 4540 est
387 4481 590 4559 negotiatores
613 4479 765 4538 Romanos
789 4483 1021 4555 peregrinosque
1047 4481 1099 4555 qui
1125 4481 1285 4557 vectigalia
1309 4481 1431 4558 publica
1451 4499 1568 4550 Condac-

100 4583 304 4644 conducerent
323 4583 485 4642 secundum
503 4593 648 4640 vetustam
668 4581 921 4654 consuetudinem,
944 4600 1033 4658 quarn
1052 4582 1183 4642 fortasse
1205 4603 1243 4641 ex
1259 4583 1430 4642 Poenorum
1473 4592 1541 4633 tores

100 4685 269 4746 aliorumve
283 4686 477 4744 barbarorum
494 4686 631 4762 exemplo
646 4684 715 4744 licet
729 4685 874 4756 derivare,
889 4685 920 4742 in
936 4685 1093 4744 societates
1109 4704 1199 4762 saepe
1214 4686 1332 4757 coiisse,
1355 4685 1431 4742 unde

100 4789 142 4847 de
164 4789 345 4847 conductore
366 4789 467 4864 aliquo
491 4787 636 4864 singulari
659 4805 752 4862 paene
775 4805 938 4862 nunquam,
962 4789 1015 4846 sed
1037 4797 1207 4846 constanter
1228 4789 1289 4846 fere
1305 4787 1340 4846 da
1362 4805 1432 4846 con-

100 4891 278 4950 ductoribus
301 4891 411 4950 meutio
434 4889 510 4966 fitl).
554 4891 590 4948 In
613 4889 763 4966 Hispania
789 4889 909 4948 metalla
933 4890 1123 4967 potissimum
1150 4891 1245 4949 multa
1272 4890 1365 4950 socIIs
1387 4889 1431 4947 Io·

184 5131 207 5193 ¹)
245 5133 314 5183 Vide
334 5148 398 5199 quae
417 5133 669 5184 Hicechieldius
689 5133 926 5184 adnotantibus.
947 5150 973 5199 p.
992 5136 1025 5185 75
1050 5149 1165 5199 quaeque
1183 5132 1432 5198 Marquardtius

103 5225 212 5291 collegit
229 5224 291 5276 rdnt.
311 5223 558 5294 Staatsrerualtunp
576 5227 605 5278 11
622 5243 648 5292 p.
664 5223 716 5277 256
736 5226 797 5277 adn.
817 5227 843 5278 9.
