3496 5828
339 513 387 584 80
908 531 1091 584 uouusun

422 707 556 764 Primum
584 712 614 763 et
641 705 770 764 sortasse
796 707 928 764 omnium
956 706 1120 764 maximum
1147 717 1203 777 est,
1230 707 1311 782 quod
1340 725 1419 765 nuno
1446 708 1565 765 demum
1592 708 1674 766 clare

339 819 464 886 apparet
495 808 554 867 duo
583 827 694 886 genera
723 825 758 865 eo
791 816 924 885 temporo
955 807 1049 866 fuisse
1078 808 1279 879 decurionum,
1313 808 1427 868 scilicet
1455 811 1533 868 alios
1560 810 1614 885 qui
1641 810 1675 868 in

339 911 424 970 curia
446 911 583 968 sederent
604 911 703 968 etius
726 909 872 968 haberent
893 911 1060 969 sententiaa
1081 910 1118 968 de
1145 911 1235 970 rebus
1262 911 1392 986 publicis
1415 911 1566 984 ferendae,
1593 911 1675 970 alios

339 1014 393 1088 qui
420 1031 544 1072 munera
570 1012 780 1070 decurionatus
808 1012 953 1084 subirent,
980 1012 1154 1089 suffragium
1177 1025 1275 1071 autem
1301 1013 1334 1071 in
1362 1013 1447 1071 curia
1468 1031 1528 1071 nou
1550 1013 1675 1072 ferrent.

339 1114 380 1173 Et
401 1114 470 1173 illos
493 1113 613 1189 quidem
636 1113 756 1188 proprie
779 1113 893 1172 ordinis
920 1115 1066 1174 vocabulo
1089 1114 1253 1192 significari
1275 1114 1381 1173 titulus
1403 1115 1544 1187 ostendit,
1567 1133 1676 1190 quam-

341 1236 430 1293 quam
458 1237 495 1274 ne
522 1216 580 1274 hoc
605 1215 726 1290 quidem
753 1232 829 1291 nego
851 1216 1010 1292 aliquoties
1033 1216 1139 1274 latiore
1162 1234 1251 1274 sensu
1273 1223 1448 1292 usurpatum
1471 1235 1554 1289 esse;
1583 1217 1677 1276 decu-

340 1319 433 1377 rionis
460 1327 558 1378 autem
587 1335 693 1375 nomen
726 1317 864 1393 generale
896 1326 943 1377 est
971 1329 1001 1376 et
1028 1319 1066 1376 ad
1093 1319 1218 1376 alterum
1247 1336 1366 1394 quoque
1398 1336 1491 1396 genus
1523 1321 1675 1395 pervenit.

341 1419 447 1497 Neque
469 1420 627 1480 diversitas
643 1439 680 1477 ea
699 1437 804 1478 recens
826 1429 883 1492 est,
906 1420 958 1478 scd
979 1421 1057 1479 redit
1077 1421 1114 1479 ad
1136 1421 1235 1497 ipsum
1251 1421 1379 1498 Augusti
1402 1431 1524 1480 senatus
1540 1421 1676 1480 Romani

340 1523 567 1582 ordinationem.
613 1519 735 1582 Scilicet
756 1540 795 1580 ex
817 1539 877 1597 quo
900 1523 1053 1581 senatoria
1068 1523 1205 1581 condicio
1227 1533 1287 1582 tam
1303 1524 1419 1582 Romae
1441 1542 1531 1600 quam
1554 1525 1585 1582 in
1611 1543 1677 1582 mu-

341 1626 462 1702 nicipiis
484 1623 666 1683 hereditaria
687 1640 754 1682 esse
776 1625 884 1700 coepit,
907 1626 1080 1683 necessario
1102 1625 1170 1683 inde
1193 1634 1313 1684 enatum
1335 1634 1383 1684 est
1409 1626 1572 1684 discrimen
1597 1626 1678 1683 inter

342 1736 495 1786 senatores
523 1727 738 1786 decurionesve
761 1727 812 1802 qui
840 1735 941 1784 essent
966 1736 996 1786 et
1022 1729 1073 1803 qui
1102 1728 1165 1786 fieri
1188 1737 1313 1804 possent
1341 1727 1530 1798 deberemus,
1560 1727 1592 1785 id
1620 1735 1679 1798 est,

341 1840 374 1888 ut
399 1831 482 1888 aiunt
503 1829 587 1905 leges
611 1827 746 1886 Valentis
769 1837 799 1884 et
821 1825 960 1887 Gratiani
983 1826 1073 1904 (Cod.
1097 1829 1356 1905 Iust.1t‚1,11)
1379 1839 1408 1888 et
1429 1828 1558 1888 Honorii
1582 1827 1678 1903 (Cod.

341 1932 400 1991 Th.
426 1932 474 2002 16,
491 1931 519 2002 5,
536 1929 600 2006 52),
627 1931 704 1989 inter
727 1939 882 1988 senatores
903 1931 1024 2008 proprie
1045 1930 1176 2007 dictos¹)
1202 1939 1233 1989 et
1251 1931 1437 1990 clarissimos
1461 1931 1517 2002 vel,
1547 1938 1579 1989 nt
1603 1932 1680 1990 defi-

342 2035 422 2092 nitur
444 2033 474 2090 in
498 2052 566 2090 aere
589 2030 750 2103 Canusino,
774 2032 852 2090 inter
874 2033 1050 2091 decuriones
1073 2031 1099 2091 C
1120 2041 1150 2092 et
1172 2039 1378 2108 praetextatos
1400 2033 1498 2092 XXV.
1544 2033 1593 2092 De
1619 2035 1680 2092 hoc

341 2154 403 2194 non
430 2135 505 2194 satis
534 2140 652 2192 constat
674 2133 821 2192 senatoris
849 2134 1058 2194 decurionisve
1084 2135 1164 2194 filius
1192 2140 1244 2211 qui
1271 2136 1309 2194 ad
1337 2144 1463 2194 aetatem
1491 2138 1680 2196 senatoriam

343 2239 515 2314 pervenerit
536 2253 594 2312 quo
616 2236 681 2293 iure
704 2235 753 2306 sit,
776 2243 806 2293 et
823 2236 887 2294 fieri
908 2245 1009 2314 potest
1023 2243 1056 2294 ut
1079 2237 1151 2294 alibi
1173 2237 1251 2296 aliae
1273 2238 1356 2316 leges
1379 2239 1416 2296 de
1431 2257 1467 2297 ea
1487 2258 1519 2296 re
1542 2239 1683 2298 obtinue-

343 2341 416 2410 rint;
438 2338 556 2397 videtur
578 2346 678 2395 temen
700 2356 761 2397 non
784 2347 844 2396 tam
867 2339 934 2414 ipso
956 2340 1021 2398 iure
1041 2348 1163 2416 propter
1185 2348 1312 2398 aetatem
1332 2340 1453 2398 decurio
1474 2340 1574 2398 iactus
1598 2359 1681 2413 esse,

343 2443 397 2500 sed
419 2441 583 2500 secundum
605 2440 701 2516 legem
721 2441 872 2517 publicam
900 2442 1146 2517 municipalemve
1169 2449 1221 2500 aut
1248 2444 1360 2500 honore
1387 2454 1482 2520 gesto,
1506 2450 1538 2500 ut
1559 2442 1682 2502 Romae

343 2543 482 2614 obtinuit,
510 2551 562 2602 aut
586 2542 785 2602 indemortui
816 2542 917 2601 locum
944 2563 962 2600 a
989 2543 1167 2619 magistratu
1194 2546 1224 2602 in
1257 2544 1357 2603 album
1384 2545 1495 2602 relatus
1524 2544 1681 2620 (lemlul.

343 2666 423 2704 mun.
446 2665 474 2703 v.
495 2647 533 2704 83
556 2645 644 2720 seq.).
689 2643 879 2720 Quamquam
910 2643 1055 2703 Canusini
1082 2647 1275 2723 praetextati,
1302 2665 1369 2704 cum
1403 2648 1581 2723 praesertim
1619 2669 1682 2708 non

343 2749 441 2806 miuus
467 2765 557 2823 quam
591 2747 766 2805 decuriones
799 2755 881 2804 certo
913 2765 1035 2804 numero
1068 2746 1160 2807 fuisse
1185 2749 1353 2819 videantur,
1385 2749 1513 2808 sortasse
1548 2769 1584 2809 eo
1615 2751 1682 2810 iure

343 2850 472 2920 suerunt,
495 2856 528 2907 ut
549 2856 707 2926 praetexta
727 2848 827 2924 posita
850 2849 952 2907 statim
973 2849 1057 2908 locus
1080 2850 1117 2908 iis
1141 2850 1261 2909 daretur
1283 2851 1313 2909 in
1336 2851 1426 2909 curia.
1468 2848 1529 2909 Sed
1553 2853 1707 2911 meliore

344 2959 441 3010 aetate
475 2951 531 3008 hoc
565 2950 723 3008 discrimen
749 2951 900 3026 quomodo
933 2958 1090 3009 tractatum
1124 2953 1177 3024 sit,
1211 2953 1242 3010 in
1268 2952 1367 3012 medio
1393 2952 1610 3028 relinquemus,
1645 2974 1689 3013 eo

344 3054 475 3112 contenti
502 3053 583 3128 quod
611 3061 757 3128 quatenus
778 3053 948 3128 pervenerit
975 3053 1094 3111 saeculo
1116 3062 1224 3128 quarto
1253 3064 1332 3112 certe
1353 3054 1384 3112 in
1406 3055 1521 3127 Africa,
1549 3055 1613 3114 iam
1637 3057 1696 3114 lu-

343 3155 478 3213 culenter
503 3153 695 3230 intellegitur.
739 3153 785 3211 Eo
813 3163 947 3230 tempore
974 3173 1041 3212 cum
1068 3155 1143 3213 satis
1170 3164 1287 3214 constet
1315 3156 1505 3216 decurionem
1528 3175 1589 3215 non
1618 3169 1682 3218 tam

345 3257 409 3315 fieri
432 3256 627 3332 (quamquam
655 3263 754 3332 potest
779 3256 868 3314 etiam
898 3257 996 3334 adlegi
1021 3277 1060 3315 ex
1087 3257 1227 3334 plebeiis)
1255 3275 1345 3334 quam
1373 3259 1456 3317 nasci
1483 3257 1533 3334 (C.
1551 3260 1612 3319 Th.
1632 3260 1684 3332 12,

348 3361 374 3432 1,
393 3357 466 3428 118;
497 3357 533 3416 cs.
559 3356 762 3416 Gotholredus
785 3358 876 3416 adh.
899 3369 919 3416 t.
942 3378 970 3435 p.
988 3357 1064 3434 353)
1091 3379 1186 3434 neque
1214 3367 1316 3418 natum
1345 3379 1363 3418 a
1390 3360 1549 3419 decurione
1576 3363 1678 3438 ipsum

345 3460 551 3519 condicionem
579 3459 636 3518 sibi
664 3469 780 3518 mutare
807 3477 909 3536 posse,
937 3462 1056 3519 decurio
1083 3462 1231 3519 eiusmodi
1252 3463 1282 3520 in
1309 3462 1415 3521 Africa
1441 3462 1594 3540 obligatus
1623 3465 1680 3522 fuit

345 3563 382 3620 ad
404 3581 530 3620 munera
551 3561 744 3638 municipalia
765 3562 791 3619 ei
816 3562 913 3621 ordini
935 3563 1067 3621 iniuncta
1089 3563 1282 3640 suscipienda
1303 3565 1680 3644 honoresque'gerendos,

347 3664 399 3723 sed
421 3664 453 3721 in
474 3665 571 3739 ipsum
595 3664 728 3722 ordinem
752 3673 888 3742 receptus
911 3683 970 3722 non
992 3675 1038 3722 est
1060 3665 1115 3723 nisi
1145 3675 1267 3743 propter
1289 3676 1386 3724 certus
1416 3669 1546 3725 honores
1574 3678 1679 3744 gestos

346 3766 560 3824 sacerdotiave.
602 3765 789 3825 Decurioues
812 3784 864 3824 eos
887 3769 951 3825 sine
973 3767 1125 3844 suffragio,
1148 3777 1181 3825 ut
1202 3768 1245 3826 ita
1267 3769 1372 3840 dicam,
1395 3769 1544 3845 intellegit
1560 3769 1680 3828 Paulus

346 3887 413 3926 cum
437 3853 478 3925 ait
500 3867 584 3945 (Dig.
600 3867 650 3939 50,
666 3867 695 3939 2,
712 3868 740 3939 7,
757 3867 804 3944 2):
827 3872 852 3926 is
879 3873 929 3945 qui
955 3889 1012 3926 tion
1040 3874 1077 3928 ait
1103 3871 1228 3941 decurio,
1258 3872 1440 3928 duumviratu
1464 3872 1510 3930 oct
1535 3873 1607 3930 aliis
1631 3873 1681 3930 ltu-

345 3969 462 4028 uoribus
483 3972 572 4045 sunpt
596 3989 653 4027 uon
672 3980 773 4044 potest,
801 3971 850 4046 qui
876 3971 963 4029 locus
991 3990 1058 4028 curn
1086 3973 1124 4030 ad
1151 3973 1306 4048 antiquum
1332 3982 1442 4031 statum
1469 3973 1566 4050 aptari
1595 3975 1682 4032 nullo

346 4071 434 4130 modo
460 4078 550 4146 queat
577 4070 617 4146 (v.
635 4070 728 4129 Kuhn
750 4072 837 4130 ttddt.
856 4073 1033 4149 Versaceunp
1052 4074 1078 4144 l,
1095 4073 1180 4150 231),
1208 4095 1306 4134 rerum
1334 4075 1468 4134 ordinem
1495 4076 1606 4134 aetatis
1636 4094 1682 4134 se·

345 4174 460 4248 quioris
483 4180 620 4231 accurate
641 4181 855 4250 repraesentat.

430 4275 592 4333 Praeterea
618 4294 684 4334 cum
712 4276 811 4334 album
839 4277 1030 4336 decurionum
1053 4279 1233 4355 antiquioris
1262 4281 1369 4338 aetatis
1391 4280 1587 4356 magistratus
1611 4301 1682 4357 pro·

347 4378 413 4454 prie
434 4395 494 4434 non
517 4378 641 4454 recipiat
663 4377 752 4436 etad
774 4380 902 4438 honores
924 4391 1026 4456 gestos
1050 4380 1132 4440 solos
1155 4383 1307 4458 respiciat,
1331 4389 1364 4439 ut
1385 4391 1485 4440 tamen
1507 4381 1608 4440 honor
1630 4384 1681 4459 qui

348 4485 469 4556 geratur
491 4497 546 4554 pro
569 4489 655 4556 gesto
676 4479 865 4557 habeatur²)‚
891 4483 922 4538 in
949 4482 1053 4541 ordine
1083 4484 1195 4541 saeculi
1219 4484 1316 4560 quarti
1343 4493 1533 4542 recensentur
1555 4485 1683 4559 quibus-

348 4599 474 4657 cumque
500 4582 548 4639 ius
578 4590 625 4640 est
652 4581 681 4638 in
709 4583 792 4641 curia
818 4583 954 4656 sedendi,
984 4585 1153 4661 maioreque
1180 4605 1219 4644 ex
1246 4593 1331 4662 purte
1358 4585 1540 4644 constitutus
1568 4596 1618 4645 est
1643 4607 1683 4644 ex

425 4925 450 4990 ¹)
470 4927 587 4977 Abusive
606 4935 737 4977 senatores
756 4929 917 4992 appellantur
937 4932 1088 4996 quicumque
1113 4933 1258 4982 senatoriae
1277 4931 1437 4980 condicionis
1457 4938 1517 4980 sunt
1536 4932 1556 4980 ii
1580 4947 1684 4998 quoque

349 5019 392 5083 qui
412 5025 486 5067 extra
506 5020 602 5068 curiam
623 5027 714 5081 essent,
735 5029 763 5069 ut
782 5023 879 5085 pariter
898 5023 924 5071 in
944 5023 1042 5073 ordinis
1063 5024 1187 5073 vocabulo
1207 5025 1328 5074 variatur.

425 5107 450 5171 Ἰ)
470 5111 511 5160 Ita
530 5111 558 5160 in
577 5112 637 5161 albo
658 5112 789 5162 Canusino
809 5114 860 5163 dno
880 5115 929 5163 viri
947 5115 1149 5180 quinquennales
1169 5117 1211 5180 qui
1236 5116 1263 5164 id
1287 5115 1452 5164 incidendum
1472 5125 1631 5166 curaverunt
1648 5095 1684 5166 le·

347 5209 441 5265 guntur
460 5202 526 5252 inter
545 5203 783 5268 quinquennalicios
802 5205 860 5255 loco
880 5212 1004 5257 extremo.
