3516 5828
359 514 430 584 104
793 532 1098 584 Annrrnnnunrn
1124 531 1206 583 ron.
1227 533 1256 582 11

355 726 409 766 nes
431 705 541 764 referre
564 707 603 782 (o.
621 706 688 782 69);
716 724 793 782 quae
820 707 968 765 ordinatio
996 717 1048 765 aut
1070 727 1174 782 parum
1201 715 1286 765 caute
1308 707 1420 783 scripta
1441 717 1488 766 est
1510 715 1562 765 aut
1583 710 1616 766 in
1640 729 1696 766 nu-

355 828 437 867 mero
461 819 600 867 erratum.
644 808 723 867 Nam
747 829 814 866 oum
843 808 892 867 Iex
921 809 977 868 hoc
1000 809 1150 868 decretum
1174 810 1238 868 fieri
1266 810 1365 867 iubeat
1387 817 1456 868 ante
1478 828 1569 885 quam
1593 811 1696 869 decer-

354 921 444 970 natur
466 912 502 970 de
525 911 630 970 diebus
653 912 738 969 sestis
761 930 799 968 ex
823 930 847 968 c.
865 911 915 984 64,
944 913 980 969 de
1008 913 1055 969 his
1084 921 1182 970 autem
1206 911 1423 971 decernendum
1446 912 1485 969 sit
1510 913 1590 970 intra
1613 913 1695 970 diem

353 1013 511 1084 decimum,
535 1033 607 1073 sane
630 1015 735 1072 inutile
757 1013 815 1071 soil
837 1013 955 1072 adicere
971 1015 1054 1089 prius
1070 1015 1221 1073 decretum
1245 1013 1413 1072 faciendum
1428 1032 1496 1073 esse
1516 1014 1597 1072 intra
1614 1015 1696 1073 diem

353 1114 423 1174 LX.
468 1115 536 1175 Hoc
560 1125 625 1175 utut
647 1127 702 1189 est,
725 1118 793 1192 ipsa
815 1135 863 1174 res
886 1117 1056 1174 sinedubio
1079 1117 1194 1176 Romae
1210 1135 1328 1193 quoque
1345 1116 1482 1174 obtinuit.
1527 1115 1608 1176 Nam
1633 1137 1696 1176 non

354 1219 504 1276 salumin
528 1221 699 1278 universum
723 1219 869 1278 derebus
898 1219 1007 1277 divinis
1035 1219 1119 1296 prius
1142 1238 1232 1296 quam
1262 1219 1400 1276 humanis
1423 1219 1461 1276 ad
1485 1229 1623 1278 senatum
1648 1241 1697 1277 re-

353 1321 504 1378 ferebatur
527 1321 639 1396 (Varro
663 1321 742 1397 apud
766 1320 844 1380 Gell.
868 1321 917 1393 14,
938 1321 981 1397 7),
1005 1323 1165 1380 sederant
1188 1323 1277 1379 ctiam
1293 1320 1440 1396 quaedam
1463 1321 1625 1380 sollemnia
1648 1344 1698 1380 re-

352 1423 483 1498 ligionis,
513 1423 550 1481 de
577 1424 683 1500 quibus
706 1434 773 1482 ante
796 1423 896 1481 omnia
923 1442 1017 1483 noros
1046 1425 1185 1482 consules
1213 1423 1324 1481 referre
1355 1433 1406 1480 aut
1434 1442 1516 1482 more
1545 1433 1598 1482 sut
1626 1425 1698 1502 Iege

353 1525 511 1601 oportebat
534 1524 656 1599 (Cicero
679 1545 744 1583 cam
769 1545 837 1602 pop.
861 1535 936 1602 grat.
960 1527 1021 1604 egit
1044 1527 1145 1596 5,11;
1168 1525 1235 1584 Lir.
1252 1526 1280 1598 9,
1299 1523 1326 1596 8,
1352 1527 1378 1582 1.
1396 1525 1446 1596 37,
1472 1527 1497 1597 1,
1517 1529 1548 1596 1;
1571 1526 1698 1585 Becker

262 1680 268 1692 ,
352 1627 462 1684 enchir.
487 1627 515 1698 2,
535 1626 601 1686 125.
619 1627 704 1703 422).
748 1629 830 1686 Inter
857 1647 893 1686 ea
920 1629 978 1686 iam
1008 1630 1115 1705 opinor
1141 1647 1229 1686 nemo
1258 1627 1406 1685 dubitabit
1428 1628 1570 1704 primaria
1594 1629 1696 1687 fuisse

351 1729 471 1788 decreta
499 1731 534 1787 de
562 1730 687 1804 pecnnIs
716 1741 839 1806 propter
866 1748 913 1788 res
940 1749 1041 1789 sacras
1069 1730 1169 1789 debita
1195 1731 1224 1788 in
1252 1731 1331 1788 hunc
1354 1747 1463 1786 annum
1488 1731 1697 1804 attribuenda,

352 1833 467 1890 scilicet
489 1833 525 1889 de
547 1833 674 1908 pecunia
696 1832 796 1889 debita
819 1853 856 1890 ex
879 1833 957 1890 ultro
980 1833 1098 1890 tributis
1120 1833 1168 1902 iis,
1191 1853 1268 1909 qaae
1290 1853 1308 1890 a
1331 1832 1505 1891 censoribus
1529 1833 1559 1890 in
1582 1835 1697 1910 primis

350 1933 538 2007 locabantur,
567 1933 602 1991 de
632 1933 753 1992 cibariis
783 1953 922 1993 anserum
947 1933 1088 2012 Capitolii
1116 1945 1146 1992 et
1172 1937 1209 1994 de
1235 1935 1307 1993 Iore
1334 1932 1506 2010 Capitolino
1535 1935 1697 1994 miniando

352 2034 393 2111 (v.
419 2033 601 2094 Staotsrecbt
624 2035 651 2106 2,
670 2036 744 2111 404)
768 2049 797 2094 et
819 2038 846 2095 si
868 2055 928 2112 qua
950 2037 1061 2094 similia
1083 2038 1144 2096 alia
1166 2037 1293 2096 fuerunt.

438 2137 486 2195 12.
530 2138 707 2196 Aedificium
730 2138 760 2195 in
782 2139 892 2216 oppido
920 2140 945 2198 si
968 2139 1018 2214 qui
1041 2140 1157 2198 deicere
1181 2140 1245 2198 rult
1273 2157 1327 2196 nec
1357 2139 1524 2209 restituere,
1551 2139 1695 2198 decurio·

351 2259 420 2298 num
444 2241 562 2299 decreto
586 2239 622 2298 ad
645 2240 675 2298 id
698 2259 774 2317 opus
797 2250 844 2300 est
867 2241 904 2316 (e.
923 2241 985 2316 75).
1031 2241 1078 2300 De
1101 2242 1170 2319 ipsa
1191 2263 1223 2299 re
1246 2240 1323 2299 infra
1346 2241 1520 2299 ridebimus.

197 2334 238 2382 De
252 2335 353 2385 ¹fl¹i⁰¹¹0
440 2343 486 2400 13.
532 2340 588 2400 Cui
615 2343 764 2418 negotium
793 2344 910 2418 publice
937 2344 973 2401 de
1000 2343 1192 2402 decurionum
1228 2343 1374 2402 sententia
1401 2343 1503 2400 datum
1533 2351 1590 2416 est,
1625 2345 1694 2403 eius

211 2417 343 2547 rpddepda
353 2444 498 2503 rationem
522 2445 732 2503 decurionibus
755 2446 879 2504 reddere
902 2446 1011 2504 reserre
1033 2446 1151 2504 iubetur
1173 2446 1248 2522 Iegis
1265 2465 1290 2504 o.
1307 2445 1346 2502 80
1369 2447 1399 2503 in
1415 2445 1520 2504 diebus
1536 2443 1590 2504 CL
1605 2454 1693 2523 post-

237 2517 335 2632 qqppp-
355 2566 443 2624 quam
465 2547 495 2604 id
519 2548 670 2624 negotium
694 2557 745 2606 aut
767 2547 923 2624 perfecerit
945 2557 996 2606 aut
1017 2559 1095 2606 certe
1118 2566 1220 2624 gerere
1243 2547 1372 2606 desierit.
1417 2547 1560 2605 Pervenit
1583 2547 1613 2604 id
1637 2548 1693 2605 im·

352 2649 457 2726 primis
474 2650 511 2706 ad
534 2641 667 2726 legatos,¹
682 2669 757 2726 quos
776 2659 807 2707 ut
822 2659 922 2708 notum
940 2659 987 2708 est
1003 2651 1179 2729 legationem
1197 2650 1306 2709 referre
1323 2650 1529 2708 renuntiarere
1545 2649 1692 2708 debuisse

351 2751 393 2826 (r.
417 2752 596 2812 Stoatsrccld
620 2751 647 2822 2,
665 2750 749 2825 651),
772 2753 814 2809 ita
836 2773 945 2810 novum
969 2763 1024 2824 est,
1052 2771 1232 2830 quamquam
1256 2753 1386 2811 fortasse
1409 2763 1439 2811 et
1460 2757 1560 2828 ipsum
1584 2771 1603 2809 a
1626 2751 1692 2810 Ro·

350 2856 447 2913 manis
470 2855 614 2914 institutis
638 2855 815 2926 traductum,
838 2855 869 2912 id
889 2873 941 2913 eos
964 2856 1028 2912 iure
1051 2855 1150 2914 facere
1166 2856 1337 2932 oportuisse
1360 2855 1439 2912 intra
1461 2854 1525 2914 dies
1542 2851 1595 2913 CL
1619 2868 1692 2930 post

349 2955 529 3031 legationem
553 2959 677 3015 finitam.
723 2955 783 3016 Sed
809 2956 1101 3034 comprehunduntur
1122 2958 1179 3016 bac
1201 2957 1267 3034 lege
1289 2957 1466 3034 quicumque
1490 2957 1615 3032 aliquod
1639 2976 1691 3014 ne·

350 3059 462 3132 gotium
486 3059 635 3133 publicum
659 3078 696 3117 ex
715 3060 832 3117 decreto
853 3059 1046 3117 decurionum
1070 3069 1276 3136 susceperunt,
1300 3069 1333 3117 ut
1355 3067 1426 3118 sunt
1441 3059 1576 3135 magistri
1601 3058 1690 3118 fano-

350 3179 415 3216 rum
444 3161 531 3218 huius
559 3161 634 3237 legis
662 3180 686 3218 c.
711 3159 882 3220 CXXVIII
910 3162 1041 3237 itemque
1069 3171 1237 3233 curatores,
1264 3161 1366 3237 quales
1394 3169 1464 3219 sunt
1490 3180 1629 3220 annonae
1659 3170 1691 3220 et

350 3279 494 3336 aquarum
527 3262 699 3338 similesque
732 3263 792 3320 alii.
843 3261 922 3321 Nam
949 3283 1038 3322 curae
1072 3265 1109 3321 ab
1142 3263 1318 3335 honoribus,
1351 3263 1457 3339 quibus
1491 3274 1691 3340 opponuntur

350 3361 460 3436 (Orell.
489 3362 594 3440 2532),
618 3385 653 3422 eo
676 3365 794 3423 nomiae
816 3366 1007 3441 potissimum
1031 3365 1182 3436 differunt,
1204 3365 1285 3441 quod
1307 3383 1367 3423 non
1390 3365 1569 3423 mandantur
1592 3385 1611 3422 a
1633 3386 1690 3444 po-

349 3465 431 3540 pulo,
465 3465 517 3524 sed
546 3467 720 3542 plerumque
750 3469 787 3525 ab
815 3467 919 3526 ordine
950 3467 1155 3540 decernuntur,
1186 3478 1218 3524 ut
1244 3469 1394 3550 invenitur
1424 3466 1503 3542 apud
1532 3467 1688 3525 Iulianum

349 3565 419 3642 Dig.
438 3567 466 3637 3,
487 3569 515 3640 5,
537 3566 575 3626 29
596 3569 662 3644 [30]
689 3581 803 3628 carator
829 3572 869 3628 ad
894 3571 1035 3646 siliginem
1062 3571 1205 3627 eruendam
1232 3571 1341 3628 decreto
1369 3571 1479 3626 ordiaris
1507 3574 1689 3628 constitutus.

348 3667 416 3726 Nisi
439 3669 518 3744 quod
547 3671 598 3745 qui
624 3691 727 3728 eorum
754 3673 912 3748 pecuniam
939 3671 1089 3748 publicam
1113 3679 1251 3742 tractant,
1278 3672 1316 3729 iis
1339 3671 1493 3746 probabile
1522 3679 1568 3728 est
1594 3673 1690 3730 ratio·

348 3789 414 3826 nem
443 3769 622 3830 reddendam
649 3773 743 3831 fuisse
772 3793 830 3830 non
864 3794 902 3832 ex
936 3775 991 3831 hoc
1019 3774 1115 3849 capite
1143 3772 1232 3850 legis,
1265 3774 1318 3831 sed
1347 3793 1385 3831 ex
1415 3774 1475 3831 alio
1502 3773 1538 3831 de
1567 3775 1689 3832 ratione

348 3871 499 3930 reddenda
522 3874 559 3931 ab
581 3893 624 3944 eo,
653 3875 690 3932 ad
713 3895 802 3950 quem
828 3876 949 3952 publica
975 3876 1102 3950 pecunia
1129 3877 1239 3952 negotii
1268 3876 1425 3933 cuiusdam
1448 3873 1570 3951 gerendi
1596 3895 1690 3934 causa

348 3976 526 4048 pervenerit,
550 3976 638 4052 quale
660 3987 799 4053 superest
824 3978 854 4036 in
884 3998 953 4036 aere
978 3978 1163 4036 Malaeitano
1194 3979 1232 4052 (c.
1255 3976 1386 4036 LXVII.
1415 3976 1551 4035 LXVIII
1574 3977 1688 4036 collato

348 4095 452 4134 comm.
476 4096 505 4152 p.
522 4077 606 4154 451).

431 4180 480 4236 Ad
503 4180 615 4238 reditus
638 4181 773 4255 publicos
796 4183 1008 4258 pecuniamque
1032 4183 1180 4258 publicam
1205 4203 1282 4259 quae
1307 4191 1452 4259 spectant,
1476 4183 1550 4240 haec
1573 4193 1653 4240 sunt.

207 4295 294 4344 Sitrae
309 4301 334 4342 et
435 4283 460 4338 1.
505 4283 580 4357 Agri
597 4282 691 4340 silvae
704 4283 839 4342 aedificia
851 4305 874 4342 c.
888 4284 1043 4342 LXXXII
1059 4286 1089 4342 in
1101 4286 1254 4362 publicum
1268 4303 1353 4342 usum
1369 4285 1507 4342 coloniae
1521 4285 1564 4341 ita
1576 4285 1688 4342 dantur

226 4391 322 4470 pascua
350 4382 560 4452 attribuuntur,
585 4395 616 4441 ut
635 4405 670 4442 ea
685 4404 779 4461 neque
797 4386 924 4444 rendere
940 4391 967 4444 ei
989 4387 1079 4444 liceat
1101 4407 1197 4464 neque
1220 4387 1339 4463 lougius
1356 4405 1445 4462 quam
1468 4387 1497 4443 in
1514 4386 1686 4461 quinquen·

212 4461 328 4570 ⁶⁰¹V¹¹¹³⁰
349 4483 429 4541 nium
445 4483 554 4543 locare.
592 4487 639 4544 De
655 4487 701 4546 bis
720 4487 882 4547 Frontinus
899 4489 1007 4564 (grem.
1023 4510 1052 4566 p.
1073 4490 1141 4564 17):
1162 4490 1271 4547 deiero
1287 4493 1432 4558 territaret,
1448 4487 1556 4564 inquit,
1572 4499 1685 4546 contro·

211 4557 332 4674 Ἤρ·
348 4591 440 4644 versia
463 4598 504 4644 est
526 4590 559 4644 de
582 4589 625 4646 Iris
648 4610 720 4665 qaae
743 4593 784 4648 od
804 4590 897 4666 ipsam
912 4592 1006 4648 urbem
1031 4595 1175 4666 pertiaeat
1197 4591 1247 4665 (ea
1262 4600 1368 4666 postea
1383 4591 1425 4648 ait
1447 4590 1540 4648 solam
1562 4601 1683 4666 agreste,

348 4692 425 4764 quod
446 4694 475 4747 in
497 4690 611 4747 tutelam
635 4695 677 4748 rei
690 4693 783 4765 suerit
805 4694 987 4768 adsignatum
1011 4694 1152 4768 urbanae)
1175 4696 1233 4752 eice
1255 4695 1326 4769 quid
1346 4697 1423 4750 tetra
1442 4696 1602 4767 perreriam
1624 4697 1683 4749 eius

345 4791 424 4848 urbis
447 4795 500 4848 erit
522 4793 600 4866 qaod
624 4813 643 4848 o
666 4797 790 4868 privatis
814 4795 944 4870 operibus
972 4795 1091 4852 obtiareri
1116 4815 1171 4853 aaa
1199 4805 1326 4871 oporteat
1355 4795 1426 4869 (rel,
1450 4805 1482 4851 ut
1504 4801 1611 4870 postea
1632 4793 1682 4850 de-

345 4891 420 4962 finit,
443 4893 583 4950 urbanum
605 4895 696 4952 solum
718 4897 795 4970 quod
817 4896 948 4970 operibus
968 4896 1094 4971 publicis
1111 4898 1207 4955 dabam
1222 4899 1315 4970 facerit
1334 4907 1383 4954 oct
1405 4896 1600 4972 destinatum),
1623 4915 1681 4954 eum

346 4975 536 5068 dico'locum,
566 4996 663 5073 pergit
684 5007 800 5068 auctor,
828 5017 908 5072 quem
936 5018 987 5056 nec
1013 5000 1082 5057 ordo
1109 4999 1189 5055 nullo
1216 5003 1279 5056 iure
1305 5018 1323 5055 a
1351 4998 1457 5073 populo
1478 5002 1585 5072 poterit
1606 5015 1680 5053 aaro-

345 5116 418 5153 rere.
463 5097 580 5156 Similia
613 5099 702 5155 babet
726 5099 862 5174 Hyginus
895 5100 931 5157 de
965 5101 1026 5158 lim.
1061 5121 1089 5176 p.
1115 5099 1183 5172 127,
1206 5099 1244 5158 20
1265 5119 1326 5175 seq.
1377 5099 1448 5156 Alio
1481 5107 1582 5156 autem
1616 5099 1677 5155 loco

347 5197 389 5271 (p.
408 5197 457 5267 54,
477 5198 512 5255 17
527 5199 602 5274 seq.)
625 5201 701 5275 quod
726 5201 881 5276 distinguit
905 5201 1067 5260 Frontinus
1091 5204 1168 5260 inter
1190 5203 1279 5260 sr'lroe
1302 5211 1327 5258 et
1346 5218 1458 5276 pascuo
1475 5201 1597 5276 publeco
1623 5201 1676 5256 Aa·
