3458 5820
345 1907 807 2022 luuruluuurl
845 1905 1097 2020 mrum

434 2117 503 2191 AD
532 2115 770 2193 CORPORIS
797 2114 909 2191 VOL.
929 2115 1009 2190 VII.

649 2349 802 2358 —a-

61 2484 293 2658 Quamquam
321 2593 381 2633 nou
407 2575 501 2632 multa
526 2585 716 2634 accesserunt
741 2574 893 2633 titulorum
915 2573 1155 2632 Britannicarum
1181 2571 1390 2650 supplementa

25 2655 27 2658 Ι
61 2687 131 2754 post
158 2677 227 2734 anni
255 2676 385 2751 proximi
413 2676 615 2734 additamenta
642 2678 749 2753 (supra
774 2695 803 2752 p.
822 2677 879 2734 133
893 2675 960 2751 aa),
993 2675 1091 2733 visum
1119 2683 1219 2732 tamen
1246 2681 1292 2730 est
1316 2673 1390 2730 haee

62 2797 140 2856 quae
162 2777 399 2837 subministravit
420 2778 583 2837 amicorum
603 2778 739 2839 officiosa
760 2779 904 2839 sedulitas
927 2777 1027 2836 statim
1051 2775 1163 2851 publici
1184 2773 1259 2833 iuris
1282 2773 1388 2831 lacere.

61 2965 111 3022 Ad
132 2984 161 3022 n.
177 2962 203 3022 1.
248 2963 346 3021 Invito
368 2963 521 3022 exciderat
543 2966 713 3037 memoriae,
736 2983 802 3024 eum
825 2965 1027 3022 additamenta
1048 2961 1151 3038 priora
1165 2960 1388 3036 componebam,

104 3065 270 3125 versiculos
303 3065 403 3142 operis
437 3067 545 3125 musivi
571 3066 820 3142 Framptoneusis
853 3065 929 3142 (VlI
952 3065 984 3140 2)
1013 3065 1056 3122 ita
1084 3062 1277 3122 constituisse
1306 3058 1388 3121 Guil.

105 3165 384 3228 Studemandum
406 3168 537 3228 Hermae
558 3169 617 3228 vol.
639 3168 684 3228 lv
706 3167 817 3245 (1875)
839 3186 868 3244 p.
885 3169 959 3227 503:

451 3361 476 3420 l.
506 3361 634 3439 Neptdni
654 3373 756 3434 amtor,
779 3364 889 3439 rdpmen

507 3469 601 3525 sortiti
620 3467 721 3526 mobile
741 3468 841 3537 venda,

507 3568 637 3639 aruinam,
661 3573 707 3628 rai
728 3569 841 3627 emulsa
862 3566 918 3642 sa[t
931 3567 1032 3644 frons]

509 3671 620 3746 deljiaia
643 3674 736 3728 uineta
757 3669 875 3728 duobus.

369 3791 381 3830 a
436 3771 478 3830 II.
510 3771 573 3847 [nee
593 3771 706 3846 melleus
723 3772 839 3847 pdrfler's
860 3769 960 3842 ullum,

509 3872 677 3948 [armerum]
698 3873 788 3948 padre
810 3873 922 3948 rapallo.

108 4042 243 4100 Aduolat
264 4041 341 4100 idem
364 4061 391 4100 v.
409 4039 427 4098 6
450 4040 658 4116 supplementa
673 4039 786 4098 ineerta
800 4056 877 4111 esse,
894 4058 960 4097 nam
977 4037 1066 4097 etiam
1082 4039 1118 4096 de
1135 4038 1251 4098 telorum
1259 4042 1392 4116 flamma·

62 4163 126 4202 rum
139 4145 239 4220 padre,
262 4151 315 4202 aut
337 4143 372 4201 de
389 4142 516 4217 [dquam
532 4142 579 4199 vel
592 4141 748 4218 [re]pnare‚
772 4140 930 4217 [papauere
945 4149 974 4199 et
990 4140 1137 4200 similibus
1150 4140 1275 4219 eogitari
1290 4161 1391 4220 posse.

64 4393 115 4450 Ad
136 4413 165 4451 n.
181 4391 255 4452 1³7.
300 4392 504 4468 Antiquitates
526 4389 680 4450 Romanas
706 4398 840 4466 repertas
867 4389 897 4446 in
923 4389 1045 4466 hpdney
1065 4389 1155 4462 Paris,
1184 4408 1258 4466 quas
1285 4392 1323 4450 ad
1346 4392 1394 4451 dei

106 4493 258 4554 Nodontis
284 4495 385 4552 lanum
413 4493 561 4570 pertinere
590 4510 693 4550 omnes
716 4491 869 4568 probabile
896 4500 952 4564 est,
976 4491 1170 4550 delineandaa
1192 4499 1222 4550 et
1242 4493 1393 4571 lapidibus

107 4595 281 4654 incidendas
307 4596 425 4654 curavit
450 4593 564 4671 praedii
590 4593 729 4652 dominus
760 4593 942 4652 reverendus
970 4591 1052 4652 Guil.
1078 4593 1188 4671 Hiley
1214 4594 1395 4654 Batburst

108 4716 204 4774 neque
230 4717 301 4756 vero
334 4704 367 4754 ut
393 4695 512 4755 tabulas
539 4695 608 4772 plus
636 4695 758 4771 triginta
783 4714 906 4754 numero
934 4695 1008 4754 iuris
1032 4695 1142 4772 publici
1164 4695 1276 4755 faceret
1297 4697 1395 4755 adhue

108 4800 220 4858 moveri
241 4799 346 4875 potuit.
391 4799 514 4856 Interim
537 4797 618 4855 tituli
639 4796 814 4874 principalia
839 4797 899 4856 iam
922 4805 990 4856 ante
1012 4798 1125 4858 multos
1147 4816 1243 4858 anuos
1266 4799 1329 4858 aeri
1349 4798 1394 4856 in·

107 4901 161 4960 cisi
184 4901 356 4979 exemplum
378 4901 448 4959 boe:

220 5074 264 5116 DI
287 5087 294 5101 ·
323 5074 366 5116 ΧΠ
388 5087 394 5102 ·
417 5073 542 5116 Faavtvs
627 5073 740 5116 SENlLlS
763 5074 798 5116 PR
822 5074 875 5116 aba
899 5074 935 5116 EX
957 5072 1086 5116 srlrravs
1110 5072 1240 5116 POSSV1'l'

219 5175 239 5217 C
413 5175 466 5216 ΙΛΝ
501 5175 539 5216 ΤΕ
645 5173 820 5220 VICTORINO
857 5191 864 5205 ·
903 5175 1009 5218 INTERV
1034 5189 1040 5204 ·
1064 5175 1079 5218 ¹⁸,
1102 5177 1141 5218 lv
1163 5175 1195 5216 rr:
