3488 5828
448 552 524 602 unx
549 551 716 603 unrannr
741 543 993 604 vnasonus1s2
1313 530 1383 600 167

57 745 152 804 supra
175 724 294 801 singula
308 725 434 801 periisse
456 743 522 782 cnm
545 725 678 801 margine
695 725 802 784 dextro
826 732 980 802 appareat,
1002 723 1032 782 in
1055 723 1178 782 sinistro
1200 741 1385 782 verounum

57 838 177 886 tantum
199 827 293 887 fuisse
316 827 431 886 inferne
452 828 593 905 positum.

143 931 261 1007 Ectypn
289 929 405 988 tabulae
432 931 588 990 chartacea
615 931 818 1006 imaginesque
840 930 1063 1008 photographon
1087 938 1208 1006 sumptu
1229 927 1387 988 ministerii
1400 939 1526 992 Recensio

59 1033 134 1111 regii
150 1032 356 1110 Portngallici‚
373 1033 452 1107 quod
467 1033 577 1091 cultum
594 1033 752 1108 studiaque
767 1033 856 1106 fovet,
873 1041 902 1092 et
918 1043 980 1092 arte
995 1033 1107 1092 eximia
1120 1032 1216 1090 factas
1233 1032 1389 1107 Augustus

60 1135 295 1196 Soromenius
311 1134 545 1210 Olisiponensis,
565 1137 616 1211 qui
632 1136 763 1194 tabulam
779 1137 874 1213 ipsam
890 1137 927 1194 ab
942 1137 1064 1194 interitu
1080 1135 1250 1205 vindicavit,
1273 1151 1387 1192 mecum

60 1238 291 1296 communicavit
316 1238 507 1296 amicissime.
551 1237 634 1296 ldem
662 1239 822 1296 editionem
848 1239 913 1296 eius
942 1239 1058 1296 curavit
1084 1236 1279 1314 principem1)
1313 1253 1388 1295 usus

59 1341 105 1398 eis
129 1359 206 1416 quae
228 1358 283 1416 ego
307 1340 531 1398 subministravi
554 1341 779 1418 supplementis.

146 1445 215 1520 Ipse
242 1451 400 1518 postquam
429 1451 537 1518 ectypa
562 1443 663 1519 accepi
690 1452 775 1501 textu
804 1445 917 1522 scripto
944 1444 1045 1504 addito
1066 1443 1158 1515 nullo,
1187 1443 1326 1502 continuo
1355 1419 1391 1500 aa

60 1546 209 1622 descripsi
242 1553 272 1602 ot
303 1544 516 1602 communicavi
551 1564 617 1603 cum
645 1546 873 1606 Mommseno.
917 1547 947 1606 Is
974 1565 1035 1623 qua
1062 1555 1109 1605 est
1137 1555 1167 1604 et
1199 1545 1334 1604 doctrina
1360 1549 1391 1602 et

59 1649 198 1708 acumine
237 1665 314 1723 quae
358 1664 413 1722 ego
455 1665 671 1722 proposueram
715 1649 925 1726 supplementa
967 1651 1110 1726 pleraque
1153 1647 1322 1706 emendavit
1361 1653 1391 1703 et

61 1753 156 1820 auxit,
190 1769 227 1806 ex
260 1761 344 1824 parte
376 1749 541 1825 redargnit3
574 1769 652 1834 qnae
685 1770 763 1809 nova
795 1751 948 1810 invenerat
980 1771 1040 1810 non
1072 1769 1169 1828 pauca
1202 1768 1257 1827 ego
1286 1747 1390 1807 deinde

64 1855 163 1911 denuo
185 1851 354 1910 examinavi
377 1851 503 1922 correxi,
525 1871 561 1909 ex
585 1862 668 1927 parte
684 1873 744 1911 non
766 1855 900 1931 probavi.
937 1855 986 1912 Ita
1007 1854 1120 1912 viribus
1143 1853 1253 1911 iunctis
1276 1859 1391 1910 textum

63 1975 124 2014 non
147 1963 258 2012 certum
281 1953 400 2030 quidem
429 1964 458 2011 et
485 1972 578 2030 usque
601 1973 718 2032 quaque
745 1957 942 2028 emendatum,
968 1956 1022 2014 sed
1043 1956 1094 2032 qui
1115 1955 1174 2032 legi
1195 1956 1301 2031 edique
1323 1972 1392 2030 pos·

63 2069 111 2116 set
134 2057 351 2115 constituimus.
395 2055 509 2114 Tamen
537 2075 604 2114 cnm
632 2057 746 2116 lubrica
771 2078 820 2117 res
847 2060 934 2118 nobis
957 2058 1109 2117 videretur
1130 2077 1185 2115 nec
1207 2076 1283 2134 quae
1304 2056 1392 2115 facile

63 2161 153 2219 unius
187 2160 348 2217 duorumve
380 2177 471 2236 opera
504 2169 609 2234 posset
641 2159 678 2216 ad
710 2161 857 2236 liquidum
883 2161 1014 2238 perduci,
1047 2159 1262 2218 communicavi
1291 2169 1393 2218 textus

62 2263 206 2337 exempla
241 2281 306 2318 cunr
343 2261 461 2332 amicis,
499 2263 549 2336 <qui
586 2262 660 2320 haec
697 2263 797 2321 studia
832 2264 986 2322 nobiscum
1018 2263 1136 2333 fovent,
1167 2261 1392 2320 Buechelero

65 2364 452 2424 Bueclrsensohuetzio
473 2363 726 2423 Hirschfeldio
747 2365 907 2425 Jordane
925 2367 1116 2442 Kruegero
1138 2365 1217 2423 aliis.
1253 2363 1296 2424 Hi
1316 2383 1392 2442 quae

63 2469 255 2527 coniecerunt
276 2465 529 2524 adnotaveruntve
550 2467 775 2543 promptissimo
799 2469 943 2538 acumine,
971 2469 1015 2526 eis
1045 2486 1119 2527 usus
1146 2485 1212 2525 sum
1239 2466 1393 2543 religiose3

62 2553 197 2647 plurima
220 2587 291 2626 vero
317 2577 347 2625 et
372 2567 546 2626 felicissime
572 2568 694 2627 inventa
724 2569 906 2628 Buechelero
935 2570 1088 2628 debentur.
1133 2569 1297 2645 Aliquanto
1325 2577 1395 2647 post

62 2675 184 2731 demum
207 2690 294 2746 (quam
311 2670 368 2728 hoc
384 2670 492 2727 factum
509 2680 573 2728 orat
588 2669 782 2730 Soromenius
805 2673 923 2732 tabulas
939 2673 1162 2751 photographas
1186 2672 1394 2730 subministra·

62 2776 124 2842 vit3
152 2773 221 2831 inde
246 2772 378 2850 posticae
405 2771 540 2830 ultimam
568 2781 693 2848 partem,
719 2793 796 2849 quae
824 2774 855 2832 in
882 2775 997 2852 ectypis
1025 2776 1076 2832 vix
1099 2775 1158 2851 legi
1184 2784 1311 2850 poterat,
1339 2773 1395 2831 ali·

61 2885 180 2953 quanto
202 2875 312 2932 certius
335 2893 424 2949 quam
448 2884 537 2932 antea
558 2875 642 2932 licuit
663 2876 851 2934 constituere.
897 2873 1053 2953 Scriptura
1068 2877 1146 2936 enim
1168 2877 1198 2935 in
1222 2876 1395 2935 universum

61 2989 129 3038 tam
153 2977 268 3036 anticas
290 2995 379 3052 quam
403 2977 537 3053 posticae
558 2977 699 3035 facillime
722 2977 845 3053 legitur;
872 2979 1006 3054 posticae
1033 2987 1132 3038 autem
1162 2995 1268 3038 versus
1290 2977 1395 3055 viginti

61 3081 165 3139 ultimi
188 3101 206 3137 a
231 3079 354 3138 sinistra
379 3080 567 3156 potissimum
595 3080 733 3155 aerugine
760 3099 865 3139 crassa
890 3090 969 3140 tecta
993 3082 1023 3140 in
1050 3081 1164 3158 ectypis
1191 3081 1244 3139 vix
1270 3099 1396 3158 appare·

63 3187 149 3242 bant.
193 3182 329 3240 Tabulae
356 3189 455 3239 autern
482 3182 707 3259 photographae
733 3183 889 3242 lectionem
917 3203 936 3240 a
963 3182 1140 3245 Soromenio
1167 3203 1206 3243 ex
1235 3184 1302 3262 ipso
1329 3203 1396 3242 aere

62 3289 206 3345 haustam
229 3285 316 3362 plene
339 3284 596 3342 confirmaverunt.

153 3387 290 3444 Exhibeo
322 3397 436 3445 textum
464 3387 590 3462 primum
618 3387 696 3446 sicut
722 3389 851 3465 scriptus
878 3396 924 3446 est
950 3389 979 3446 in
1006 3399 1133 3466 utraque
1161 3387 1282 3448 tabulae
1311 3395 1397 3463 parte
1428 3403 1516 3454 Editio

57 3491 103 3550 ad
135 3498 244 3566 ectypa
270 3498 299 3545 et
324 3489 469 3564 imagines
496 3489 718 3567 plrotographas
744 3509 832 3566 quarn
861 3493 1085 3552 accuratissime
1111 3507 1297 3570 expressum.
1342 3487 1397 3550 Se-

59 3594 172 3669 quitur
198 3591 389 3668 transcriptio
416 3609 484 3679 curn
511 3591 725 3666 supplementis
754 3601 783 3652 et
811 3593 1001 3653 adnotatione
1027 3595 1131 3653 critica
1156 3593 1250 3665 brevi,
1279 3593 1310 3651 in
1338 3611 1399 3669 qua

61 3695 225 3768 utriusque
247 3693 342 3770 partis
365 3693 541 3768 scripturam
564 3693 607 3750 ita
629 3695 779 3767 coniunxi,
806 3705 839 3754 ut
864 3715 940 3772 quae
961 3696 992 3756 in
1017 3696 1134 3774 postica
1155 3713 1275 3772 quoque
1295 3695 1398 3771 legun-

59 3807 117 3855 tur
142 3795 221 3853 linea
242 3794 388 3853 subducta
408 3795 620 3873 distinguerem
637 3815 835 3874 versuumque
857 3799 945 3856 etiam
966 3799 1099 3874 posticae
1121 3815 1262 3856 numeros
1285 3796 1397 3855 adscri-

58 3902 183 3958 berem.
228 3894 442 3974 Supplementa
457 3915 533 3972 quae
552 3898 754 3958 Mornmsenus
777 3900 979 3977 suppeditavit
1000 3921 1019 3958 a
1039 3901 1114 3958 meis
1130 3899 1273 3976 distingui
1288 3897 1397 3970 noluit;

58 3999 195 4074 reliquis
216 4017 294 4074 quae
316 3999 468 4071 debemus,
492 4000 619 4078 singulis
636 4009 759 4077 accepta
780 4001 912 4061 tulimus.
958 4000 1096 4061 Ceterum
1113 4021 1195 4061 more
1217 4001 1305 4060 solito
1328 4019 1398 4078 sup-

62 4104 222 4182 plementa
243 4101 415 4160 lacunarum
431 4102 609 4160 exhibentur
630 4104 776 4178 scriptura
790 4123 878 4179 quam
900 4104 1026 4164 dicimus
1041 4105 1170 4174 cursivo,
1192 4103 1400 4180 supplementa

61 4203 313 4278 compendiorum
334 4213 485 4280 ponuntur
507 4205 585 4262 intra
607 4223 699 4264 uncos
721 4207 876 4266 rotundos.
919 4207 956 4266 In
979 4207 1192 4268 commentario
1214 4205 1313 4282 quoad
1335 4204 1400 4264 ficri

60 4306 157 4367 licuit
178 4305 334 4363 lectionem
358 4305 510 4382 explicare
532 4308 800 4384 supplementaque
821 4309 978 4369 defendere
1001 4311 1129 4388 suscepi.

494 4509 585 4588 (Vide
607 4511 720 4571 tabulas
743 4517 823 4572 iactu
842 4515 979 4592 positas.)

156 4715 248 4794 Legis
270 4717 359 4774 huius
382 4715 426 4791 (id
449 4717 526 4774 enim
550 4735 654 4776 nomen
678 4719 746 4796 ipsa
768 4719 826 4778 sibi
849 4719 993 4796 vindicat)
1017 4721 1195 4798 scripturam
1219 4739 1400 4781 sermonem-

58 4841 129 4900 que
152 4819 281 4896 primum
304 4819 410 4895 quales
433 4818 493 4876 sint
514 4837 663 4895 exponam
685 4821 825 4880 breviter.

150 5059 174 5122 ¹)
211 5057 254 5110 La
278 5058 345 5110 table
368 5059 399 5110 de
425 5058 514 5112 dronae
538 5055 701 5130 dAly'astrel
726 5071 835 5132 rapport
859 5062 961 5115 adrease'
984 5063 1002 5115 ἰι
1025 5063 1157 5116 Moneieur
1182 5065 1205 5116 Ie
1229 5063 1347 5116 Ministro
1371 5063 1402 5115 de

63 5149 220 5206 {taetrae
240 5169 294 5220 por
319 5153 433 5219 Arrquato
460 5152 620 5218 sorornento,
640 5155 788 5223 professear
807 5151 939 5208 d'lu'stoire
964 5151 1087 5208 dl'e'cole
1106 5155 1249 5227 aapdrieure
1268 5157 1298 5209 de
1318 5157 1403 5208 lettres

65 5255 120 5296 etc.
142 5252 191 5294 otc.
230 5245 363 5310 Olisipone
386 5247 455 5296 1877
476 5245 528 5312 (pp.
552 5248 595 5310 12)
617 5249 641 5298 8.
662 5265 719 5299 cum
739 5249 833 5300 tabulis
852 5266 907 5300 sex.

1133 5391 1223 5503 w·
