3516 5828
364 527 433 597 102
795 527 1097 593 nnurrnnanrvu
1125 541 1206 592 von.
1227 543 1255 592 11

358 719 396 776 de
410 737 483 775 cura
496 717 633 775 fanorum
649 735 686 774 ex
703 716 892 776 decurionum
909 717 1047 775 consulto
1063 736 1082 773 a
1097 716 1320 790 magistratibus
1337 717 1496 791 quotannis
1512 719 1696 786 ordinanda,

358 821 395 878 de
417 839 476 896 quo
498 819 629 878 diximus
652 839 681 896 p.
702 817 758 876 128
782 819 882 894 ibique
905 818 1089 877 ostendimus
1111 818 1226 877 Romae
1249 837 1308 876 non
1332 827 1364 875 11
1384 815 1503 877 Ursone
1525 821 1697 894 quotannis

356 923 485 999 singulis
514 922 633 999 templis
661 931 813 980 curatores
842 920 973 980 delectos
996 938 1079 993 esse,
1108 921 1161 979 sed
1183 939 1284 978 curam
1308 939 1373 979 eam
1396 920 1533 998 collegiis
1556 923 1696 1004 maxime

355 1027 385 1082 in
409 1034 585 1102 perpetuum
607 1024 793 1102 permissam.

245 1142 314 1191 Cura
441 1127 487 1185 De
514 1127 592 1184 ludis
619 1127 650 1183 in
676 1125 795 1184 colonia
816 1126 959 1186 faciendis
982 1146 1049 1184 curn
1070 1133 1159 1184 antea
1180 1127 1258 1184 nacti
1282 1143 1418 1186 essemus
1440 1126 1540 1202 capita
1562 1146 1601 1186 ea
1625 1127 1695 1204 qui·

218 1225 337 1274 ludorum
355 1231 409 1288 bus
432 1230 529 1305 agitur
550 1228 587 1286 de
608 1229 683 1287 locis
707 1235 920 1306 spectatorum,
943 1228 1057 1287 scilicet
1072 1226 1201 1287 CXXV.
1218 1227 1361 1287 CXXVI.
1378 1229 1543 1300 CXXVII,
1565 1231 1693 1307 quinam

353 1332 441 1390 ludos
459 1331 624 1390 edidissent
645 1340 767 1390 eatenus
789 1341 904 1390 tantum
927 1332 1102 1406 apparebat,
1124 1331 1202 1406 quod
1224 1351 1242 1389 a
1264 1334 1451 1392 curatoribus
1474 1335 1614 1392 fanorum
1636 1333 1695 1390 cir-

355 1453 460 1494 censes
486 1436 583 1492 factos
611 1453 678 1493 esse
706 1453 744 1492 ex
761 1433 791 1491 c.
808 1432 978 1492 CXXVIII
1007 1433 1050 1507 (8,
1070 1433 1121 1508 19)
1144 1433 1327 1492 intellectum
1349 1446 1409 1506 est,
1438 1437 1507 1494 item
1531 1435 1694 1494 scaenicos

353 1539 442 1596 ludos
469 1559 487 1595 a
513 1536 738 1613 magistratibus
767 1536 903 1594 coloniae
930 1539 1093 1610 quotannis
1122 1544 1242 1594 curatos
1270 1554 1336 1595 esse
1364 1557 1390 1596 c.
1418 1535 1551 1596 CXXVI
1580 1536 1694 1594 confir-

353 1649 496 1711 maverat,
520 1659 586 1699 curn
607 1639 792 1698 coloniarum
808 1637 1094 1715 municipiorumque
1114 1639 1308 1716 magistratus
1322 1640 1435 1716 pariter
1450 1649 1539 1716 atque
1554 1640 1693 1697 urbanos

353 1742 512 1818 quotannis
545 1741 632 1802 ludos
666 1741 765 1800 facere
797 1740 968 1816 oportuisse
1001 1741 1030 1798 in
1065 1741 1236 1799 universum
1267 1748 1355 1800 antea
1381 1761 1502 1819 quoque
1535 1747 1693 1800 constaret

244 1837 311 1887 Ludi
354 1844 443 1920 (Cod.
467 1845 582 1904 Theod.
614 1846 659 1916 15,
683 1843 775 1918 4,1).
819 1841 908 1902 Nunc
936 1861 1006 1900 vero
1032 1861 1057 1900 c.
1085 1843 1162 1921 legis
1185 1842 1285 1901 LXX.
1308 1842 1413 1902 LXXI
1441 1843 1610 1915 edocemur,
1638 1844 1698 1918 qui

207 1919 337 2051 ¹⁶⁰⁰V‘gs
354 1947 545 2024 magistratus
568 1965 645 2024 quos
666 1946 754 2005 ludos
776 1946 937 2021 quotannis
959 1946 1115 2004 ediderint.
1160 1943 1282 2005 Scilicet
1304 1954 1336 2003 ut
1357 1947 1472 2005 Romae
1494 1964 1530 2004 eo
1553 1955 1693 2022 tempore

217 2017 303 2134 osiicqp
323 2019 391 2108 ¹'en
413 2050 546 2125 patriciis
570 2048 795 2128 magistratibus
816 2057 971 2126 praetores
995 2057 1025 2106 et
1045 2047 1157 2106 aediles
1180 2048 1298 2107 curules
1320 2047 1406 2107 ludos
1429 2047 1565 2119 edebant,
1593 2049 1638 2106 ita
1660 2048 1692 2104 in

352 2153 471 2211 colonia
498 2160 558 2209 tam
586 2151 721 2210 duoviris
749 2170 838 2228 quam
866 2149 1012 2210 aedilibus
1039 2150 1117 2208 idem
1145 2169 1253 2210 munus
1283 2150 1446 2227 iniungitur
1478 2150 1691 2226 aequabiliter,

351 2255 465 2313 scilicet
486 2263 698 2331 quaternorum
720 2254 833 2313 dierum
858 2258 993 2331 utrisque
1015 2253 1181 2330 iisdemque
1210 2254 1354 2330 impensis
1381 2253 1418 2311 de
1447 2271 1502 2312 suo
1529 2253 1691 2323 faciendiS,

352 2376 419 2416 cum
441 2357 555 2416 Romae
578 2367 679 2416 notum
702 2358 742 2415 sit
764 2357 875 2414 aediles
903 2357 994 2414 multo
1023 2356 1089 2432 plus
1115 2356 1145 2413 in
1173 2355 1261 2414 ludos
1284 2355 1465 2432 impendlsse
1488 2373 1577 2432 quarn
1601 2373 1691 2430 prae·

350 2470 440 2518 tores.
485 2459 602 2533 Quibus
618 2459 723 2518 diebus
745 2459 807 2518 ludi
830 2457 957 2517 faciendi
981 2458 1041 2516 sint
1056 2476 1122 2516 oum
1145 2458 1210 2533 lege
1230 2477 1289 2516 non
1312 2457 1531 2529 determInetur·,
1553 2457 1688 2516 fortasse

350 2562 408 2620 huc
430 2563 559 2638 pertinet
581 2562 659 2639 quod
687 2570 809 2620 cavatur
835 2580 860 2619 c.
883 2559 988 2618 LXIV
1015 2559 1142 2638 singulis
1165 2560 1251 2618 annis
1280 2561 1358 2618 intra
1379 2558 1408 2617 X
1431 2559 1495 2617 dies
1518 2567 1687 2636 postquam

348 2665 541 2741 magistratus
567 2665 689 2724 inierint
715 2664 906 2722 decurionum
934 2661 1052 2720 decreto
1081 2661 1269 2720 statuendum
1297 2679 1375 2732 esse,
1402 2661 1453 2738 qui
1475 2669 1504 2718 et
1524 2669 1598 2736 quot
1621 2661 1689 2719 dies

349 2767 419 2825 sesti
442 2787 477 2826 eo
501 2787 579 2826 anno
601 2766 693 2826 futuri
716 2766 784 2824 sint.
803 2799 840 2808 —-
856 2765 976 2824 Novum
999 2773 1097 2822 autem
1120 2772 1175 2836 est,
1202 2766 1232 2822 ni
1254 2763 1352 2836 fallor,
1375 2763 1456 2839 quod
1478 2763 1545 2840 lege
1560 2773 1689 2822 cavetur

349 2869 426 2928 diem
448 2870 588 2928 ludorum
611 2879 673 2927 tum
693 2869 812 2927 demum
832 2867 1047 2926 numerandum
1072 2885 1148 2938 esse,
1171 2867 1197 2925 si
1220 2866 1281 2924 ludi
1303 2866 1373 2924 fact-i
1394 2867 1456 2923 sint
1470 2865 1583 2924 maiore
1599 2874 1689 2942 parte

349 2973 414 3030 eius
437 2971 488 3047 (cl.
505 2971 718 3030 Friedlaeuder
741 2972 820 3048 apud
842 2970 1081 3046 Marquardtium
1104 2971 1133 3038 4,
1149 2969 1219 3028 489.
1239 2968 1328 3044 506).

433 3073 481 3130 Ex
504 3083 571 3132 octo
592 3074 653 3132 illis
674 3073 780 3133 diebus
802 3081 943 3150 quattuor
964 3072 1101 3130 ludorum
1117 3070 1316 3130 duoviralium
1338 3079 1428 3127 etex
1451 3068 1597 3128 aediliciis
1622 3079 1687 3128 tres

348 3175 458 3233 dantur
480 3175 546 3234 Iovi
568 3175 672 3234 lunoni
696 3177 848 3234 Minervae
876 3175 941 3234 dele
969 3175 1155 3250 deabusque3
1184 3174 1215 3231 hi
1242 3173 1332 3250 igitur
1359 3171 1422 3230 ludi
1445 3171 1600 3229 imitantur
1621 3170 1685 3228 Ro·

348 3293 463 3348 manos,
486 3296 665 3353 quamquam
684 3279 715 3336 in
734 3278 781 3336 hia
798 3277 855 3336 tria
869 3276 993 3334 numina
1008 3273 1180 3353 Capitolina
1195 3275 1261 3334 sola
1276 3282 1545 3333 commemorantur
1560 3271 1686 3348 (Cicero

348 3377 481 3451 Vernb,
499 3380 546 3450 14,
564 3379 617 3454 36)
639 3399 693 3439 nec
708 3381 788 3456 quod
812 3380 905 3438 sciam
928 3378 1038 3438 mentio
1054 3379 1088 3436 tit
1107 3378 1231 3437 deorum
1250 3378 1432 3451 dearumque
1451 3376 1482 3433 in
1496 3376 1587 3432 huius
1607 3375 1686 3451 legis

348 3499 372 3537 c.
389 3479 477 3538 LXX
495 3481 711 3540 adiuncturum.
730 3515 767 3524 -
786 3480 920 3554 Quartus
936 3481 1001 3538 dies
1021 3479 1177 3539 aedilicius
1193 3479 1361 3538 destinatus
1377 3477 1488 3537 Veneri
1505 3476 1546 3553 (p.
1564 3476 1684 3552 1113)

346 3583 480 3642 imitatur
500 3583 588 3642 ludos
611 3584 766 3643 institutos
787 3603 814 3642 a.
831 3583 891 3642 708
914 3582 1031 3642 devicto
1053 3581 1108 3642 Cn.
1125 3582 1280 3657 Pompeio,
1303 3580 1399 3640 dictos
1422 3579 1510 3638 modo
1527 3576 1685 3638 Victoriae

347 3681 487 3744 Caesaris
510 3685 572 3744 divi
595 3686 663 3758 Iuli,
685 3685 774 3744 modo
797 3684 925 3745 Veneris
947 3684 989 3760 (v.
1013 3682 1047 3743 C.
1069 3684 1092 3740 I.
1116 3681 1152 3740 L.
1170 3683 1262 3740 vol.l
1287 3702 1315 3760 p.
1333 3683 1417 3757 397).
1462 3678 1550 3739 Unde
1572 3682 1685 3740 confir·

346 3795 445 3844 matur
466 3787 646 3858 coniectura,
672 3805 761 3864 quam
787 3787 859 3846 olim
882 3806 996 3846 mecum
1025 3784 1256 3844 communicavit
1277 3783 1350 3843 Otto
1371 3782 1553 3855 Hirschfeld,
1581 3785 1683 3860 ipsam

346 3887 495 3946 coloniam
511 3887 688 3948 Genetivam
712 3909 731 3947 a
752 3891 873 3948 numine
894 3889 992 3967 gentis
1009 3888 1104 3948 Iuliae
1126 3887 1246 3946 tutelari
1263 3886 1382 3946 Venere
1402 3885 1552 3964 genetrice
1570 3903 1683 3946 nomen

346 3990 486 4049 traxisse.

201 4101 335 4166 Impensae
430 4091 507 4152 Ludi
525 4093 603 4153 sicut
617 4093 647 4150 in
663 4095 734 4152 urbe
750 4095 894 4170 impensis
910 4093 1038 4170 publicis
1053 4094 1138 4164 liunt,
1162 4092 1211 4152 ubi
1226 4091 1452 4169 magistratibus
1467 4091 1498 4149 in
1513 4089 1604 4149 ludos
1619 4089 1683 4148 Ro·

210 4185 330 4235 ludorum
346 4213 451 4254 manos
474 4197 512 4254 ad
532 4195 642 4253 bellum
663 4215 756 4272 usque
772 4197 918 4254 Punicum
937 4196 1098 4272 quotannis
1118 4215 1156 4254 ex
1171 4195 1287 4254 aerario
1305 4194 1524 4272 praebebantur
1543 4186 1681 4251 iis-cc

210 4295 328 4359 publicae
347 4296 430 4354 milia
451 4317 603 4356 nummum
627 4299 769 4376 (Dionys.
793 4299 891 4370 7,11;
915 4297 1203 4357 Pseudo-Asconius
1226 4317 1254 4373 p.
1273 4297 1331 4355 142
1355 4295 1476 4370 Orell.),
1496 4296 1540 4352 ita
1560 4293 1682 4352 colonia

343 4415 462 4473 quoque
485 4399 619 4457 duoviris
641 4401 768 4478 singulis
791 4401 862 4458 bina
883 4401 975 4472 milia,
1006 4400 1153 4458 aedilibus
1183 4399 1308 4476 singulis
1332 4399 1452 4474 singula
1474 4395 1557 4454 milia
1579 4415 1681 4453 annua

343 4501 495 4575 expendit,
519 4511 551 4559 ut
573 4501 602 4558 in
626 4520 743 4561 summa
758 4503 876 4578 publice
892 4522 966 4561 sena
981 4503 1065 4561 milia
1079 4502 1240 4579 quotannis
1256 4501 1286 4559 in
1302 4501 1390 4559 ludos
1406 4506 1577 4575 erogentur.
1619 4495 1680 4556 Sed

209 4610 324 4674 privatae
344 4619 411 4660 cum
434 4603 549 4662 Romae
572 4605 788 4664 consuetudine
816 4605 1006 4676 obtinuisset,
1034 4613 1066 4662 ut
1093 4605 1288 4683 magistratus
1310 4603 1361 4678 qui
1388 4601 1473 4658 ludos
1496 4599 1620 4658 ederent
1642 4598 1679 4655 de

343 4722 396 4762 suo
419 4704 487 4780 plus
515 4706 612 4764 minus
641 4708 678 4765 ad
706 4727 771 4766 eam
801 4725 947 4766 summam
971 4706 1123 4777 adderent,
1149 4706 1199 4764 lex
1226 4705 1301 4762 haec
1322 4704 1518 4780 magIstratus
1541 4700 1678 4759 coloniae

343 4806 479 4882 singulos
506 4827 565 4866 non
592 4809 691 4868 minus
717 4809 788 4868 bina
814 4809 896 4867 milia
917 4808 954 4866 de
983 4825 1036 4867 sua
1061 4809 1188 4885 pecunia
1213 4808 1243 4864 in
1273 4806 1360 4865 ludos
1387 4803 1559 4880 impendere
1586 4803 1678 4872 iubet,

342 4927 396 4966 nec
425 4909 550 4968 dubium
577 4919 624 4970 est
652 4911 779 4970 similem
808 4911 903 4987 legem
926 4911 1015 4969 etiam
1038 4911 1069 4968 in
1091 4910 1214 4986 rellquis
1236 4909 1363 4968 coloniis
1388 4906 1620 4982 municipiisque
1641 4903 1677 4960 de

341 5009 419 5068 ludis
441 5013 668 5090 magistratuum
685 5013 861 5085 obtinuisse,
884 5014 1126 5090 sacerdotesque,
1150 5029 1354 5089 quoscumque
1369 5027 1423 5086 pro
1439 5007 1564 5065 introitu
1587 5006 1676 5064 ludos

342 5111 429 5169 edera
452 5121 612 5190 oporteret,
637 5115 726 5173 simul
749 5124 858 5174 certam
881 5133 1028 5174 summam
1052 5116 1082 5174 in
1105 5133 1157 5173 eos
1180 5115 1268 5173 ludos
1291 5111 1461 5189 impendere
1482 5109 1583 5166 iussos
1599 5125 1674 5167 esse.

340 5209 428 5270 Unde
451 5215 509 5274 iam
532 5216 642 5274 certius
665 5216 842 5294 pleniusque
858 5235 946 5292 quam
970 5223 1058 5277 antea
1080 5217 1294 5295 intelleguntur
1316 5215 1394 5273 tituli
1418 5213 1603 5288 frequentes,
1625 5209 1674 5286 qui
