3496 5828
349 541 395 613 66
937 561 1083 614 tonnas

346 723 494 810 non'puto
510 733 666 793 adsedem
683 753 747 792 eam
765 734 802 792 de
820 753 881 808 qua
903 734 1019 810 agimus
1041 735 1209 812 pertinere:
1246 735 1272 792 si
1295 735 1434 811 pertinet,
1457 743 1502 794 est
1525 735 1684 812 nugatoris

346 838 397 913 qui
420 847 524 895 contra
547 837 720 896 memoriam
742 838 921 914 optimorum
949 837 1101 896 annalium
1127 837 1231 894 aedem
1259 853 1376 894 sacram
1400 835 1574 912 Capitolina
1598 835 1683 894 Iovis
1728 889 1733 898 .

347 940 546 1014 antiquiorem
569 939 722 997 confinxit.
757 958 817 1015 qua
838 939 875 996 de
896 959 928 996 re
951 938 1022 997 alibi
1044 938 1150 996 dicam.
1184 937 1366 1013 reliquorum
1394 939 1545 997 annalium
1569 938 1683 996 disere-

345 1042 450 1116 pantia
471 1042 545 1099 haec
567 1051 621 1099 est.
660 1040 781 1116 scripsit
795 1041 892 1100 Varro
915 1041 935 1098 l.
951 1039 994 1099 VI
1018 1040 1184 1099 divinarum
1200 1042 1297 1099 aedem
1313 1039 1435 1099 Saturni
1455 1043 1497 1099 ad
1510 1043 1612 1116 sorum
1629 1041 1682 1114 sc·

348 1144 474 1201 ciendam
499 1143 609 1202 locasse
623 1141 661 1200 L.
686 1142 874 1218 Tarquinium
896 1161 998 1218 repara,
1024 1143 1116 1200 Titum
1138 1161 1203 1200 uera
1226 1142 1365 1200 Larcium
1387 1144 1551 1202 dictatorem
1575 1140 1683 1200 Sutur-

346 1245 461 1303 nalibus
485 1265 545 1303 cara
568 1247 725 1303 dedicasse.
768 1246 842 1303 haee
864 1264 902 1303 ex
925 1255 1009 1320 parte
1031 1245 1213 1302 conveniunt
1227 1243 1425 1320 Dionysianis
1448 1245 1467 1302 l.
1483 1263 1509 1302 c.
1547 1245 1576 1302 is
1600 1244 1682 1301 enim

344 1357 505 1423 postquam
529 1367 553 1405 a.
570 1345 628 1405 257
653 1347 730 1404 dixit
751 1347 918 1405 dedicatam
941 1365 1008 1405 esse
1030 1347 1132 1403 aedem
1156 1342 1405 1430 (καθιερωθῆναι
1430 1365 1496 1403 narn
1521 1364 1681 1405 consecra-

344 1449 386 1507 tio
409 1451 568 1507 coniuneta
589 1457 636 1506 est
658 1468 724 1506 cum
748 1449 935 1507 dedicatione
963 1450 1001 1506 ob
1028 1466 1153 1523 eamque
1182 1467 1244 1506 rem
1268 1445 1379 1506 Graeci
1406 1449 1569 1524 scriptores
1596 1447 1681 1506 dedi·

345 1549 490 1610 cationem
520 1551 659 1610 sollemni
689 1570 770 1608 more
793 1550 850 1608 boc
877 1551 1023 1609 vocabulo
1051 1551 1245 1626 significant),
1275 1569 1418 1626 aramque
1446 1550 1518 1608 olim
1546 1547 1680 1610 Saturno

342 1653 535 1711 constitutam
562 1670 629 1711 esse
656 1653 693 1710 ab
716 1652 846 1712 Hercule
874 1653 978 1712 eodem
1000 1652 1079 1724 loco,
1102 1653 1144 1710 ita
1166 1654 1280 1730 pergit:
1306 1645 1356 1722 riv
1379 1641 1410 1708 δὲ
1431 1645 1596 1734 ἐπιγραφὴν
1624 1651 1681 1726 (ita

343 1754 503 1813 Reislrius:
530 1748 645 1838 γραφὴν
673 1755 806 1830 codices)
834 1755 884 1825 τῆς
910 1745 1045 1838 ἱδρύσεως
1072 1755 1125 1812 τοῦ
1151 1756 1220 1812 ναοῦ
1247 1741 1318 1840 τινὲς
1338 1741 1387 1821 μὲν
1408 1753 1550 1836 ἱστοροῦσι
1572 1745 1680 1818 λαβεῖν

344 1849 426 1912 Τι’τον
442 1847 561 1938 Λάρκιον
583 1850 632 1914 τον
654 1847 860 1913 ὐπατεῦοαντα
882 1857 923 1932 τῷ
945 1846 1073 1940 πρᾶοὲεν
1094 1855 1225 1932 ἐνιαυτῷ,
1252 1855 1275 1912 οἱ
1298 1845 1328 1912 dd
1350 1846 1398 1913 uni
1419 1846 1550 1918 Βαοιλὲα
1565 1844 1679 1938 Tapuri-

344 1981 399 2014 racv
416 1951 464 2014 τδν
480 1949 638 2015 innascier-o
657 1959 708 2019 ric
729 1953 836 2042 dextr·
860 1952 909 2028 τὴν
925 1947 955 2015 δὲ
977 1949 1151 2041 καθιέρωοιν
1173 1959 1224 2014 τοῦ
1246 1958 1317 2015 ναοῦ
1337 1948 1443 2023 λαβεῖν
1456 1951 1605 2027 [lde-raama
1619 1960 1678 2013 Κο-

342 2051 427 2127 μίνιον
448 2055 525 2117 κατὰ
548 2049 697 2136 ψήφισμα
718 2051 841 2132 βουλῆς.
886 2061 960 2118 haec
982 2069 1035 2119 aut
1056 2067 1198 2138 corrupta
1219 2069 1273 2119 aut
1293 2059 1438 2137 Dionysii
1461 2059 1551 2138 eulpa
1572 2079 1613 2119 ex
1636 2059 1680 2117 di-

342 2162 440 2220 versis
462 2161 657 2222 relationibus
680 2163 758 2222 male
781 2164 984 2222 contaminata
1004 2180 1072 2222 esse
1095 2174 1228 2238 apparet.
1272 2181 1369 2239 neque
1394 2180 1449 2238 pro
1471 2181 1507 2220 eo
1529 2162 1610 2238 quod
1634 2169 1679 2220 cst

341 2264 480 2323 inlibris
505 2259 621 2348 γραφὴν
643 2266 722 2324 aliud
751 2285 841 2341 quam
868 2259 1031 2347 ἐπιγραφὴν
1058 2264 1175 2323 allicere
1202 2265 1282 2324 licet.
1327 2265 1370 2323 sic
1396 2266 1474 2323 enirn
1501 2263 1538 2322 de
1559 2271 1678 2322 tutare

342 2374 395 2422 aut
421 2370 561 2442 exposuit
587 2366 757 2443 Dionysius
785 2378 836 2426 aut
864 2367 966 2424 debuit
992 2385 1157 2441 exponere:
1192 2367 1240 2442 (l)
1269 2387 1296 2424 a.
1326 2365 1385 2426 257
1413 2365 1579 2424 dedicatam
1608 2383 1676 2425 esse

342 2467 446 2526 aedem
468 2464 728 2551 (καθιερωθῆναι),
751 2488 858 2528 aionien
880 2469 1131 2544 inscripsisse-
1154 2469 1294 2527 nimirum
1316 2469 1369 2544 qui
1390 2467 1557 2527 faciendam
1578 2468 1676 2526 locas·

343 2581 389 2628 set
404 2603 443 2612 —
459 2589 520 2629 eos.
544 2591 571 2628 a.
589 2569 647 2629 253
672 2570 710 2629 Τ.
735 2570 873 2630 Larcium
897 2570 989 2646 (unde
1011 2570 1154 2628 discimus
1177 2571 1352 2646 scriptorem
1369 2570 1432 2628 eius
1455 2569 1572 2628 annalis
1597 2569 1674 2628 unde

341 2672 415 2730 hacc
437 2673 587 2731 fluxerunt
609 2674 844 2732 controversiam
872 2674 909 2731 de
934 2673 999 2731 iure
1025 2673 1206 2732 inscribendi
1233 2691 1341 2731 nomen
1364 2671 1529 2748 tetigissc);
1556 2669 1606 2746 (2)
1629 2689 1675 2730 se·

341 2775 470 2833 cundum
498 2775 575 2834 alios
602 2774 768 2834 faciendam
796 2776 911 2833 locasse
939 2775 1050 2850 (neque
1076 2795 1146 2834 vero
1174 2793 1281 2832 nomen
1309 2773 1516 2850 inscripsisse)
1538 2773 1573 2832 L.
1599 2773 1675 2832 Tar·

341 2879 493 2952 quinium,
520 2877 675 2936 dedicasse
704 2896 764 2936 eos.
787 2895 814 2936 a.
839 2876 897 2936 253
927 2877 1054 2935 alterum
1080 2877 1164 2936 Post.
1193 2875 1370 2936 Cominium.
1415 2877 1557 2935 habemus
1584 2875 1677 2952 igitur

342 2979 449 3054 quibus
475 2979 507 3037 in
535 2980 694 3038 annalibus
716 2979 865 3037 dedicatio
893 2979 976 3037 aedis
999 2978 1121 3038 Saturni
1151 2979 1284 3055 ascripta
1311 2979 1368 3037 luit
1390 2996 1485 3038 annos
1509 2976 1578 3037 253.
1605 2976 1673 3036 257.

341 3081 389 3138 his
412 3081 527 3140 accedit
549 3081 655 3140 tertius
678 3081 837 3140 secundum
862 3079 993 3139 Gellium
1018 3080 1112 3157 (apud
1133 3080 1255 3157 Macr.):
1279 3092 1406 3140 senatum
1427 3082 1553 3139 demessa
1574 3089 1608 3138 ut
1630 3099 1675 3137 ue·

342 3183 390 3240 des
413 3183 536 3242 Saturni
550 3184 634 3258 fieret
654 3187 735 3260 eique
756 3187 799 3241 rei
814 3182 852 3241 L.
876 3183 997 3240 lilerium
1018 3183 1160 3242 tribunum
1181 3183 1298 3241 militem
1316 3185 1488 3259 praeficiam,
1511 3182 1596 3258 quod
1623 3200 1675 3260 po-

341 3293 401 3342 test
422 3285 585 3360 ascriptum
608 3285 702 3344 luisse
724 3286 763 3343 ed
785 3301 881 3342 annos
905 3284 1079 3344 tet-363.
1096 3285 1166 3344 373.
1183 3285 1254 3344 384.
1291 3303 1384 3344 causa
1405 3285 1564 3344 dissensus
1581 3283 1675 3344 Gellii

340 3387 370 3444 in
394 3388 521 3446 obscuro
543 3397 599 3457 cst,
626 3387 657 3444 in
686 3388 793 3446 ceteris
821 3386 980 3445 annalibus
1009 3387 1126 3445 videtur
1153 3387 1321 3446 adiversis
1342 3387 1378 3445 de
1404 3387 1494 3464 primi
1517 3386 1676 3446 dictatoris

341 3491 427 3548 aunis
444 3489 636 3566 opinionibus
659 3491 801 3566 pendere:
824 3489 924 3565 itaque
947 3489 1072 3566 primam
1088 3498 1158 3566 post
1179 3507 1266 3567 reges
1289 3498 1413 3548 exactas
1429 3488 1532 3548 aedem
1556 3507 1676 3549 sacratu

340 3591 422 3650 Iovis
438 3589 604 3668 Capitolini
627 3592 789 3651 seeundum
812 3591 907 3649 fastos
924 3591 1113 3650 dedicaverat
1135 3592 1240 3650 consul
1260 3592 1385 3668 primus,
1408 3591 1533 3650 alteram
1550 3588 1680 3651 Saturni

340 3695 454 3770 primus
477 3695 613 3753 dictator.
632 3727 670 3736 -
686 3703 758 3752 nota
780 3693 946 3751 Varronem
970 3695 1068 3753 dicere
1094 3697 1190 3752 aedem
1213 3691 1334 3753 Saturm
1354 3695 1395 3752 ad
1408 3695 1516 3768 sorum.

425 3796 453 3854 2.
497 3796 592 3854 Aedis
615 3794 737 3856 Saturni
759 3796 797 3853 ad
819 3797 916 3854 forum
939 3805 1007 3854 ante
1030 3803 1155 3855 mortem
1174 3795 1331 3855 Ciceronis
1353 3815 1422 3854 raro
1444 3795 1570 3854 annales
1596 3815 1685 3856 men-

340 3897 452 3955 tionem
474 3899 597 3956 faeiuut.
641 3899 684 3956 ita
710 3899 750 3954 ad
775 3889 871 3957 aedem
895 3898 1015 3956 Samrni
1041 3897 1226 3956 immolatum
1255 3919 1281 3957 a.
1305 3898 1376 3968 537,
1406 3897 1577 3973 prodigium
1603 3917 1691 3957 nun-

340 3999 445 4058 tiatum
468 4018 554 4060 araus
568 4001 692 4059 interdiu
714 4018 811 4059 serena
827 4001 905 4058 caclo
925 4019 1012 4076 super
1027 4001 1125 4060 aedera
1140 3999 1260 4060 Saturni
1273 4004 1303 4058 in
1319 4002 1389 4074 sara
1405 4001 1533 4058 acauno
1556 4018 1586 4056 a.
1606 4002 1691 4070 580,

339 4102 605 4179 eodemqueanno
629 4119 768 4162 censeres
796 4103 897 4160 eliaam
929 4102 1121 4179 Capitolinum
1147 4103 1228 4160 silice
1254 4103 1434 4160 sternendam
1456 4114 1637 4162 curaverunt
1659 4107 1702 4163 et

336 4208 476 4278 porticum
502 4205 538 4262 alr
568 4205 638 4263 aede
665 4203 786 4263 Saturni
813 4208 843 4262 in
872 4203 1044 4279 Capitolium
1072 4205 1112 4261 ad
1142 4206 1305 4264 senaculum
1332 4223 1367 4263 aa
1393 4222 1478 4280 saper
1503 4207 1538 4262 id
1563 4210 1703 4265 curiana

341 4304 422 4380 (Liv.
446 4305 496 4378 22,
516 4308 543 4378 1,
562 4307 608 4364 19.
633 4307 683 4378 41,
701 4305 749 4376 21,
769 4303 815 4364 12.
842 4306 889 4377 17,
907 4306 949 4380 7).
994 4307 1097 4364 eadem
1114 4314 1211 4365 aetate
1232 4307 1307 4365 scito
1329 4305 1476 4363 aerarium
1492 4307 1602 4382 populi
1619 4309 1707 4367 Ro-

341 4407 419 4464 mani
443 4408 669 4466 commemorari
693 4409 881 4485 saepissime,
904 4425 1054 4484 nusquam
1076 4427 1146 4466 vero
1168 4408 1262 4466 fuisse
1284 4407 1343 4466 dici
1364 4408 1395 4466 in
1419 4405 1540 4468 Saturni
1556 4407 1734 4486 Opiane¹

340 4509 428 4567 aede:
453 4510 600 4568 aerarium
624 4510 800 4587 simpliciter
822 4509 929 4567 dieitur
951 4510 1039 4568 etiarn
1063 4509 1094 4568 in
1116 4510 1232 4586 legibus
1254 4509 1361 4568 aetatis
1382 4507 1580 4568 Gracchanae
1597 4511 1734 4570 Ban‘·

338 4609 402 4668 tina
424 4619 453 4668 ct
474 4613 714 4687 repetundarum.
759 4619 791 4670 at
813 4613 960 4670 viatorum
983 4611 1223 4686 quaestoriorunr
1246 4611 1368 4669 nomina
1392 4611 1559 4688 perscripta
1581 4613 1734 4674 fuiss&

340 4715 380 4771 ad
401 4714 497 4771 aedan
520 4713 643 4772 Saturni
670 4719 700 4771 io
719 4717 831 4790 pariete
858 4717 934 4772 intra
962 4715 1062 4772 caulas
1085 4714 1207 4790 (cavius
1230 4713 1296 4789 aes)
1322 4721 1450 4772 testatur
1472 4711 1606 4773 Sullana
1629 4717 1734 4775 leffi

339 4814 375 4871 de
402 4832 442 4873 xx
469 4816 681 4891 quaestoribus
710 4818 740 4874 in
763 4817 837 4892 ipsis
867 4827 898 4874 ut
926 4816 1051 4874 traditur
1077 4817 1180 4891 templi
1209 4815 1330 4875 Saturni
1360 4815 1514 4890 parietinis
1543 4828 1734 4892 repertura

338 4917 465 4992 denique
493 4917 589 4976 Varro
621 4919 706 4976 libris
739 4918 775 4976 de
808 4919 911 4996 lingua
943 4919 1037 4976 latina
1069 4918 1192 4995 seriptis
1225 4925 1293 4976 ante
1327 4935 1436 4974 annum
1461 4917 1516 4974 711
1552 4903 1734 4993 (5‚1s:3

338 5040 365 5097 p.
388 5019 444 5077 182
461 5017 529 5096 Sp.)
548 5040 603 5096 per
625 5025 761 5079 trutinam
783 5021 825 5077 ait
847 5023 920 5078 salui
934 5021 1047 5079 solitum
1069 5024 1216 5096 uestipiam
1234 5024 1315 5078 etiam
1337 5037 1413 5076 nunc
1433 5029 1528 5077 manet
1550 5023 1581 5078 in
1607 5019 1734 5080 ascl*

338 5119 470 5192 Saturni,
493 5125 570 5198 quod
585 5143 617 5180 ca
640 5127 723 5180 etiam
738 5141 814 5181 nune
825 5132 947 5198 propter
956 5141 1112 5198 pensuram
1127 5126 1264 5180 trutinam
1279 5120 1509 5196 interpositam.
1554 5123 1593 5180 ab
1610 5133 1734 5181 aar*

337 5228 490 5282 aerarium.
533 5226 634 5300 itaque
656 5225 727 5282 licet
748 5229 892 5283 aerarium
909 5222 1032 5284 Saturni
1053 5244 1160 5284 nomen
1181 5233 1324 5301 quantum
1348 5223 1440 5282 seiam
1456 5231 1527 5299 post
1541 5224 1734 5299 Augus&
