3496 5828
315 551 362 621 56
730 566 876 616 nunzsn
910 565 1235 617 cvruusmcnmus.

315 761 384 800 nem
411 759 592 816 quamquam
619 758 679 797 non
706 740 900 798 inveniuntur
930 739 960 797 in
986 738 1072 798 libris
1102 739 1197 814 ipsius
1225 737 1356 815 Ligurii‚
1383 737 1522 814 leguntur
1548 747 1653 796 tamon

316 863 406 904 manu
440 843 529 900 tertia
562 841 705 917 adscripti
740 842 771 899 in
806 840 907 899 codice
936 841 1077 918 anonymi
1109 839 1259 900 Viscontei
1293 841 1525 918 Liguriunorum
1558 840 1652 916 pleno

315 946 350 1022 (i.
368 943 427 1004 29¹:
450 941 519 1020 30¹).
571 944 692 1002 Titulus
724 961 813 1020 porro
841 940 928 1002 Grut.
950 943 1020 1015 535,
1042 941 1071 1015 2,
1104 961 1192 1019 quem
1226 963 1264 1000 ex
1291 941 1463 1002 Ursinianis
1489 943 1655 1019 descripsit

318 1047 546 1116 Gutenstenius,
568 1047 651 1104 venit
672 1045 828 1123 aLigorio
851 1045 921 1122 (ms.
938 1043 1035 1120 Neop.
1054 1044 1107 1104 lib.
1131 1045 1185 1120 39)
1208 1046 1260 1117 itu,
1282 1053 1316 1103 ut
1337 1045 1472 1103 versibus
1495 1045 1652 1122 prioribus

317 1151 412 1210 tribus
435 1150 561 1208 sinceris
583 1150 610 1206 is
630 1149 814 1224 posteriores
834 1149 870 1206 de
891 1165 945 1206 suo
965 1147 1116 1207 adiecerit.
1165 1147 1240 1205 Item
1263 1155 1362 1225 potest
1384 1165 1451 1207 esse
1466 1146 1654 1224 bigotianus

317 1253 424 1312 titulus
449 1250 535 1312 Grut.
553 1251 623 1321 371,
639 1252 668 1323 4,
691 1270 780 1326 quem
802 1270 818 1308 e
841 1268 896 1310 rns.
920 1247 1026 1310 Smetii
1054 1257 1084 1308 et
1104 1247 1208 1308 Ursini
1232 1248 1452 1310 Gutenstenius
1478 1249 1655 1326 descripsit.

401 1355 486 1412 Haec
512 1353 604 1412 habui
626 1352 833 1425 audacitatis,
862 1371 938 1430 quac
964 1352 1000 1410 de
1028 1352 1086 1410 fide
1110 1350 1302 1412 Gutenstenii
1330 1353 1502 1413 observavit
1524 1353 1657 1411 Momm·

320 1475 420 1517 senus.
465 1455 550 1531 Quae
572 1457 709 1532 quamvis
724 1475 821 1533 pauca
843 1456 904 1514 sint
923 1464 953 1514 et
974 1453 1096 1514 levioris
1112 1457 1265 1528 momenti,
1288 1457 1326 1514 ud
1342 1455 1584 1535 cognoscendum
1609 1475 1658 1513 ru·

319 1561 441 1633 tionem,
463 1578 524 1635 qua
546 1577 618 1618 usus
640 1559 679 1616 sit
701 1557 819 1616 schedis
841 1559 905 1616 sive
928 1557 1108 1618 Metelliunis
1132 1559 1196 1618 sive
1227 1556 1434 1634 Carpensibus
1458 1556 1575 1633 aliquid
1600 1561 1658 1614 uti-

320 1663 415 1722 litatis
439 1661 577 1720 videntur
599 1660 709 1719 habere
731 1677 829 1737 posse.

1355 1763 1404 1822 W.
1420 1761 1569 1822 Hnuznn.
