3488 5828
317 497 388 566 180
905 507 1053 568 nunnus

313 690 455 747 universa
476 709 508 748 re
530 690 681 748 metallica
703 697 834 748 veterum
857 691 970 766 sunt¹)‚
992 709 1083 766 quam
1104 689 1156 766 qui
1179 698 1248 748 sunt
1270 690 1305 748 de
1325 690 1510 748 Phoenicum
1530 687 1650 764 Hispa-

313 810 478 868 norumque
501 789 672 868 metellis2).

398 897 496 970 Atque
520 895 646 970 primum
667 895 735 971 ipsa
757 896 863 971 capitis
886 895 1039 971 inscriptio
1059 896 1130 972 quid
1153 896 1301 972 significet
1316 896 1484 954 videndum.
1528 892 1651 953 Scau·

315 998 434 1056 rarios
461 1006 587 1074 apparet
614 1017 666 1056 eos
694 1015 760 1056 esse
787 999 837 1074 qui
867 999 1001 1056 scaurias
1029 1007 1156 1056 tractent
1179 999 1213 1056 in
1240 1000 1306 1074 ipso
1334 999 1431 1075 capite
1458 999 1527 1073 plus
1553 996 1652 1054 semel

314 1101 484 1158 nominatas
508 1101 705 1176 similiterque
727 1100 777 1176 qui
801 1111 894 1158 testas
922 1108 1049 1158 tractant
1075 1101 1259 1160 sestarios.
1304 1099 1410 1160 Omnis
1432 1101 1524 1177 igitur
1547 1099 1652 1174 expli·

316 1203 395 1261 cotio
422 1204 490 1261 inde
516 1203 636 1280 pendet,
664 1203 734 1279 quid
761 1203 797 1259 de
823 1204 927 1261 harum
956 1223 1062 1261 vocum
1094 1204 1310 1280 significatione
1337 1211 1368 1261 et
1393 1221 1450 1260 usu
1482 1209 1651 1261 statuatur.

317 1303 405 1377 Quod
427 1316 459 1363 ut
480 1315 557 1363 recte
579 1306 632 1363 fiat
654 1305 743 1364 ctiam
764 1305 881 1382 reliqua
899 1307 987 1364 huius
1011 1306 1117 1382 capitis
1139 1307 1285 1364 vocabula
1305 1325 1383 1364 nova
1404 1325 1443 1363 ex
1464 1313 1551 1382 parte
1575 1304 1652 1379 qnid

316 1408 482 1484 significent
504 1416 533 1466 et
554 1427 614 1484 quo
637 1408 724 1465 modo
749 1418 926 1483 usurpentur
948 1409 1161 1484 disputandum
1184 1417 1238 1467 est.

400 1509 575 1570 Scauriae
603 1511 741 1568 vocabuli
769 1511 866 1568 adhuc
893 1511 1034 1569 rusticam
1064 1520 1177 1569 tantum
1211 1511 1349 1570 novimus
1383 1512 1508 1570 formem
1539 1513 1651 1580 scoria,

316 1633 405 1689 quom
429 1622 624 1672 servaverunt
645 1614 763 1691 linguae
785 1614 954 1672 neolutinae
976 1615 1055 1672 Itala
1077 1613 1306 1689 Francogellica
1323 1613 1461 1690 Hispana
1480 1613 1653 1690 Portugal-

315 1717 389 1784 lica;
413 1714 538 1775 Graecis
562 1708 667 1797 σκωρῖα
694 1716 809 1774 dicitur.
852 1716 900 1774 llli
928 1727 1026 1775 utrum
1055 1715 1201 1776 eLatino
1228 1734 1365 1776 sermone
1392 1717 1581 1792 sumpserint
1608 1734 1652 1772 an

234 1853 237 1858 -
316 1819 455 1878 vocabuli
482 1818 630 1896 peregrini
657 1835 763 1877 sonum
794 1837 861 1876 eum
888 1838 942 1894 per
964 1842 984 1874 ω
1014 1820 1228 1894 expresserint,
1255 1819 1306 1895 qui
1331 1819 1476 1877 Romanis
1503 1838 1546 1876 ou
1574 1827 1654 1890 erut,

316 1921 498 1996 ignoremus.
541 1920 729 1978 Vocabulum
752 1931 852 1997 potest
873 1939 944 1980 sane
960 1920 1115 1997 Hispanae
1131 1921 1255 1997 originis
1275 1939 1351 1980 esse.
1396 1919 1533 1980 Scoriem
1557 1921 1655 1999 igitur

315 2024 433 2082 Plinius
456 2033 583 2082 testetur
600 2022 760 2098 (XXXIII
776 2023 793 2099 8
810 2022 863 2098 69)
884 2042 948 2081 eum
963 2042 1036 2099 quae
1051 2043 1065 2082 e
1081 2027 1190 2083 comino
1205 2027 1328 2083 iactatur
1341 2027 1508 2099 spurcitiam
1523 2027 1557 2082 in
1572 2027 1656 2081 omni

316 2126 430 2184 nsetullo
452 2129 573 2184 oscitari
595 2126 777 2200 eandemque
792 2145 829 2184 ex
846 2145 919 2184 euro
935 2133 1059 2204 argento
1082 2147 1150 2186 aere
1172 2126 1253 2205 gigni
1275 2125 1352 2184 idem
1368 2126 1436 2186 aliis
1457 2125 1535 2185 locis
1559 2126 1655 2185 testis

316 2236 364 2287 est
386 2228 544 2304 (XXXIII
567 2227 638 2304 §69
658 2226 715 2286 105
730 2227 873 2286 XXXIV
899 2229 981 2306 107).
1026 2229 1109 2288 Haec
1136 2229 1271 2288 vocabuli
1299 2229 1476 2307 significatio
1503 2230 1531 2286 si
1560 2227 1656 2286 unica

317 2341 373 2404 est,
396 2350 485 2408 quam
502 2339 632 2389 statuere
654 2330 733 2400 licet,
755 2330 827 2406 quid
843 2348 919 2406 opus
942 2333 1161 2391 scaurariorum
1183 2331 1273 2390 fuerit
1286 2331 1405 2390 difficile
1420 2341 1467 2389 est
1481 2331 1654 2408 explicatu.

317 2433 486 2492 Videndum
509 2431 600 2509 igitur
633 2452 672 2490 en
698 2441 776 2491 recte
799 2433 1040 2493 Mommsenus
1070 2435 1260 2510 cogitandum
1283 2453 1350 2493 esse
1372 2433 1568 2511 proposuerit
1590 2453 1655 2490 non

317 2538 353 2595 de
381 2535 506 2594 scauriis
534 2553 610 2611 quoe
637 2555 652 2592 e
680 2535 801 2594 metullo
824 2536 896 2594 olim
922 2545 1049 2613 purgato
1076 2537 1237 2614 gignuntur
1268 2537 1364 2612 denuo
1392 2535 1569 2612 purgandis,
1598 2536 1657 2594 sed

317 2640 353 2698 dc
386 2638 511 2698 materie
542 2637 662 2714 lapidea
693 2639 762 2714 ipso
794 2657 870 2714 quae
903 2657 942 2696 ex
974 2639 1072 2714 puteis
1106 2639 1297 2698 scrobibnsve
1328 2638 1542 2710 effodiebatur3
1580 2658 1655 2696 nam

317 2743 355 2801 cd
387 2743 464 2800 hanc
496 2759 614 2817 quoque
641 2741 789 2818 purgandi
819 2741 1008 2814 vocabulum,
1041 2741 1122 2819 quod
1149 2742 1227 2800 inira
1253 2741 1420 2799 videbimus
1448 2741 1484 2800 de
1518 2741 1655 2800 scauriis

318 2845 469 2922 usurpari,
491 2850 571 2901 recte
593 2844 736 2920 pervenit.

402 2947 536 3006 Testae
557 2964 616 3003 non
639 2965 713 3004 vaso
733 2946 903 3022 lateresque
925 2957 1039 3005 tantum
1062 2967 1078 3006 e
1101 2957 1181 3005 terra
1199 2955 1285 3005 cocto.
1304 2964 1464 3022 eorumque
1485 2946 1655 3023 particulas

317 3051 440 3119 fractus,
463 3049 627 3106 sedetiam
650 3047 781 3123 lepidum
804 3049 953 3125 fragmina
975 3050 1033 3108 dici
1056 3050 1092 3107 ab
1115 3048 1217 3106 eodem
1238 3049 1338 3108 Plinio
1361 3049 1516 3120 discimus,
1540 3050 1593 3124 qui
1617 3049 1656 3107 de

318 3152 381 3209 tofo
410 3169 535 3209 narrans
565 3150 724 3227 lapideque
751 3151 821 3208 albo
854 3151 884 3208 in
911 3151 1039 3210 Umbria
1066 3160 1095 3208 et
1122 3147 1250 3210 Venetia
1283 3152 1403 3209 dentata
1436 3169 1520 3210 serra
1554 3151 1656 3208 secari

298 3255 408 3311 ¹solito
443 3253 516 3311 dicit
550 3253 679 3329 lapidem
715 3273 781 3311 eum
818 3257 969 3329 asperqioe
1005 3263 1030 3312 et
1064 3255 1130 3329 qelu
1158 3256 1329 3329 pruinisque
1365 3255 1458 3328 rumpi
1496 3255 1529 3309 in
1563 3263 1656 3312 tostus

320 3353 609 3431 (XXXVI§166).
652 3353 726 3412 Inde
742 3373 818 3432 opus
841 3357 1041 3426 testariorum,
1063 3356 1114 3431 qui
1136 3355 1205 3413 item
1227 3356 1356 3432 primum
1375 3355 1424 3412 hic
1444 3355 1656 3425 nominantur,

321 3476 422 3516 eorum
449 3456 543 3514 luisse
567 3456 685 3532 colligo,
712 3457 764 3532 qui
789 3456 924 3534 lapidum
946 3457 1095 3535 fragmina
1116 3458 1195 3515 aeris
1223 3457 1292 3516 inde
1314 3456 1436 3516 eruendi
1458 3474 1555 3514 causa
1575 3467 1657 3516 trac-

320 3569 392 3618 tant.
437 3557 513 3618 (lum
536 3577 563 3614 v.
581 3559 619 3616 56
635 3561 756 3634 flatores
778 3562 936 3636 orqcotarii
956 3562 1067 3617 oerorii
1086 3566 1202 3617 tantum
1219 3566 1429 3630 memorentur,
1454 3577 1515 3616 non
1538 3560 1657 3616 aurarii

320 3663 484 3721 aliorumve
513 3661 712 3733 metallorum,
746 3681 783 3719 ex
811 3661 931 3719 metullo
956 3661 1144 3738 Vipascensi,
1178 3682 1217 3721 ex
1242 3680 1300 3738 quo
1332 3662 1420 3720 hodie
1449 3679 1500 3720 aes
1533 3669 1656 3720 tantum

320 3765 401 3843 gigni
423 3765 571 3836 audimus,
593 3782 645 3822 ees
667 3773 880 3840 argentumque
903 3763 970 3822 sole
991 3764 1104 3823 effossa
1125 3783 1193 3825 esse
1214 3773 1446 3823 consentaneum
1468 3771 1524 3822 est.

399 4023 422 4085 ¹)
461 4026 547 4074 Veluti
561 4025 642 4076 Blasii
662 4026 858 4090 Caryopbili
878 4027 938 4076 Itali
957 4027 989 4077 de
1009 4028 1119 4092 antiquis
1139 4028 1194 4077 auri
1214 4027 1313 4092 argenti
1331 4028 1398 4077 seris
1417 4027 1480 4077 ferri
1499 4027 1658 4092 plumbique

321 4115 417 4166 {odinis
441 4118 592 4182 opusculum
612 4118 795 4181 (Vindobonse
815 4117 884 4169 1757
905 4119 955 4181 4.),
979 4119 1198 4170 Reitemeieri
1220 4117 1363 4170 Geschiclrte
1382 4117 1427 4169 des
1445 4115 1582 4184 Berqdous
1603 4119 1660 4170 und

321 4204 510 4258 Hiittenwcsens
535 4208 575 4260 dei
597 4210 643 4260 den
669 4211 736 4261 alten
761 4208 869 4260 Villern
894 4210 1043 4276 (Gottingae
1065 4211 1135 4263 1785
1156 4213 1206 4275 8.),
1230 4213 1252 4262 I.
1273 4219 1298 4261 et
1316 4213 1346 4262 L.
1367 4211 1523 4263 Substier
1542 4211 1658 4262 fratrum

317 4300 471 4366 productior
491 4300 521 4351 de
540 4295 589 4352 l'or
608 4301 638 4352 de
658 4297 766 4369 l'arqent
785 4310 809 4352 et
827 4302 861 4353 du
880 4304 965 4353 cuicre
984 4303 1041 4356 che:
1061 4303 1097 4353 les
1115 4306 1217 4354 enciens
1234 4311 1258 4355 et
1275 4302 1356 4354 holeis
1372 4301 1521 4352 nzoseitoires
1541 4302 1588 4354 des
1607 4321 1659 4354 em-

318 4393 391 4458 pireo
409 4395 506 4442 romain
525 4401 549 4443 et
568 4393 685 4460 byzaritin
705 4397 868 4460 (Petroburgl
883 4399 953 4446 1850
969 4397 1014 4458 8.),
1035 4396 1126 4462 quibus
1146 4413 1206 4446 usus
1225 4403 1264 4446 cst
1281 4397 1311 4446 M
1318 4397 1534 4461 arquardtius
1555 4398 1660 4448 enchir.

322 4485 395 4534 1112
415 4487 538 4550 p.143s.
564 4494 589 4536 et
613 4504 694 4554 nuper
717 4489 744 4538 in
769 4504 846 4553 opere
868 4505 935 4538 novo
959 4489 1019 4538 reim.
1040 4487 1285 4554 Stantsoerwoltuuq
1305 4490 1332 4538 ΙΙ
1351 4505 1376 4553 p.
1392 4489 1444 4538 252
1454 4505 1487 4538 ss.
1527 4489 1661 4540 Omnium

323 4578 428 4627 minime
452 4586 478 4628 et
497 4579 571 4629 docte
591 4587 615 4628 et
639 4587 756 4630 accurate
777 4583 885 4646 scriptor
903 4583 1064 4646 nuperrimos
1084 4581 1171 4631 officio
1190 4581 1292 4631 functus
1311 4588 1349 4630 est
1368 4583 1402 4630 A.
1415 4581 1519 4645 Leger
1538 4582 1660 4633 Franco·

323 4671 404 4733 gellus
423 4671 451 4719 in
471 4672 537 4722 libro
557 4671 594 4722 ies
613 4657 721 4722 trandum
736 4671 846 4740 publice,
868 4673 998 4723 lesinione
1017 4681 1041 4724 et
1060 4674 1087 4723 la
1105 4671 1262 4740 me'tuliurqie
1275 4671 1319 4723 des
1333 4672 1460 4733 Romaim,
1482 4672 1507 4721 la
1528 4672 1661 4725 tradition

322 4763 434 4812 romoine
447 4757 554 4830 jusqu'd
573 4781 618 4814 nos
631 4765 707 4831 jours
726 4765 843 4826 (Parisiis
859 4767 928 4816 1875
950 4769 965 4816 8
986 4768 1046 4816 mai.
1061 4783 1117 4817 cum
1138 4767 1231 4816 tabulis
1250 4765 1356 4828 multis),
1377 4780 1533 4831 quamquam
1553 4765 1586 4814 eb
1609 4767 1660 4816 bo·

324 4855 392 4904 mine
412 4855 455 4919 qui
474 4864 557 4906 artem
576 4857 701 4922 intellegit
720 4873 787 4907 nova
806 4859 909 4908 edoceri
930 4860 986 4908 iure
1006 4859 1189 4924 expectaveris.

400 4943 426 5012 ²)
464 4947 506 4998 De
525 4949 685 5000 Phoenicum
709 4949 820 5000 metallis
845 4966 1019 5016 quaecumque
1044 4951 1179 5001 traduntur
1202 4951 1349 5000 doctissime
1369 4957 1397 4999 ut
1418 4951 1484 5000 solet
1507 4953 1661 5014 composuit

324 5037 509 5089 Moversius
528 5039 569 5090 die
588 5039 724 5091 Pddnicier
741 5043 771 5092 II
791 5043 807 5091 3
827 5041 954 5106 (Berolini
970 5044 1039 5094 1856
1055 5040 1092 5108 8.)
1111 5059 1137 5108 p.
1152 5042 1185 5093 27
1197 5059 1245 5105 ss.;
1271 5043 1303 5092 do
1321 5044 1496 5108 Hispanorum
1516 5043 1661 5094 rideantur

324 5129 436 5180 Bethii
460 5134 641 5184 commentatio
661 5134 693 5183 de
713 5135 833 5199 antiquae
852 5136 994 5200 Hispaniae
1013 5151 1041 5185 re
1060 5136 1189 5185 metallica
1208 5135 1356 5200 (Gottingae
1378 5137 1447 5184 1808
1467 5135 1514 5195 t),
1535 5135 1659 5184 Ukerti

327 5219 486 5290 Geoqropiie
505 5223 550 5274 der
572 5223 694 5276 Grieebeo
713 5224 764 5274 und
782 5225 873 5276 Ildrner
892 5227 949 5277 111
971 5227 1124 5289 (Wimsriae
1139 5229 1207 5277 1821
1231 5226 1267 5289 8.)
1286 5245 1312 5292 p.
1327 5229 1378 5278 327
1390 5243 1433 5288 sa,
1453 5227 1660 5290 Roesingeri

325 5314 471 5366 dissertatio
490 5314 551 5368 iile-r
569 5315 616 5366 den
638 5315 714 5368 Gold·
735 5317 787 5368 und
805 5315 1026 5370 Siilerreicttlum
1045 5318 1089 5370 des
1107 5319 1175 5370 alten
1195 5317 1321 5386 Sponiens
1339 5317 1494 5380 (Svidnitioe
1516 5317 1585 5368 1858
1611 5319 1661 5380 4.).
