3496 5828
444 533 752 586 cessissemusne
778 533 1068 583 arranarrucns.
1371 516 1415 586 81

87 710 310 786 magistratibus
338 709 389 785 qui
416 719 487 766 sunt
513 707 793 780 sacerdotibusque3
826 724 880 765 nec
912 707 1033 765 dubium
1066 716 1112 764 est
1146 707 1192 765 his
1220 707 1358 765 omnibus
1385 728 1421 767 ea

87 824 186 870 aetate
212 812 260 870 ius
289 810 383 869 fuisse
411 811 578 868 sententiae
604 810 634 865 in
656 809 760 866 ordine
783 809 932 866 serendae.
977 809 1025 865 Ita
1047 808 1157 866 factum
1181 819 1227 867 est
1250 823 1281 866 ut
1304 809 1419 868 univer·

91 929 158 972 sum
183 925 288 972 statum
318 912 528 988 municipalem
556 912 620 970 eius
648 912 790 986 temporis
816 930 855 969 ex
884 912 941 969 hoo
968 911 1038 968 albo
1067 911 1156 968 etiam
1184 911 1303 985 plenius
1330 929 1420 986 quam

93 1033 134 1073 ex
156 1014 305 1074 Canusino
327 1021 554 1090 cognoscamus.
600 1013 764 1070 Videamus
787 1014 878 1089 igitur
903 1013 939 1070 de
969 1012 1096 1087 singulis
1118 1014 1293 1088 generatim,
1322 1015 1351 1070 id
1375 1025 1421 1073 est

100 1116 136 1175 de
155 1119 291 1194 patronis,
314 1118 350 1175 de
373 1115 608 1192 magistratibus,
632 1115 668 1174 de
691 1115 910 1183 sacerdotibus,
933 1115 969 1170 de
992 1114 1155 1172 curialibus
1177 1115 1310 1190 reliquis.

178 1220 198 1276 l.
239 1220 275 1277 ln
298 1218 434 1295 patronis
457 1217 647 1275 recensendis
671 1217 713 1291 (l,
731 1218 847 1292 3-14)
870 1216 969 1274 album
990 1216 1243 1291 Thamugadenss
1266 1217 1316 1275 vix
1339 1237 1420 1276 rece·

112 1319 362 1390 ditaOanusin03
390 1320 506 1378 scilicet
533 1320 722 1376 nominantur
751 1319 879 1395 primum
909 1319 995 1394 u(iri)
1018 1317 1201 1393 c(larissimi)
1223 1339 1346 1378 numero
1368 1321 1419 1377 de·

117 1439 172 1494 teu,
192 1422 293 1481 deinde
316 1421 415 1496 spatio
437 1421 593 1480 interiecto
620 1420 703 1494 eir(r')
728 1418 957 1496 p(erseetissimi)
985 1439 1109 1478 numero
1132 1420 1190 1477 duo
1213 1420 1342 1495 (accedit
1363 1431 1420 1478 ter-

119 1524 239 1582 timitem
262 1523 459 1582 sacerdotalis
486 1525 511 1590 l,
531 1523 591 1597 16).
638 1522 773 1596 Quorum
800 1522 879 1597 quod
908 1521 981 1580 solis
1004 1521 1136 1596 quinque
1158 1524 1262 1599 primis
1285 1524 1419 1600 adscrip-

119 1635 164 1682 tum
185 1635 224 1684 cst
246 1624 424 1701 p(a)tr(oni)
452 1625 639 1692 vocabulum,
663 1625 700 1682 ad
723 1624 941 1699 neglegentiam
970 1624 1125 1699 scriptoris
1153 1626 1340 1683 referendum
1362 1635 1417 1683 est.

119 1723 231 1785 Similiter
257 1729 287 1784 in
316 1724 472 1784 Canusino
499 1735 710 1784 enumerantur
738 1727 863 1801 primum
883 1729 1003 1802 patroni
1029 1746 1067 1786 cc.
1092 1747 1145 1800 aa,
1174 1727 1279 1784 deinde
1299 1731 1420 1802 patroni

118 1845 195 1904 seqq.
217 1829 280 1886 RR.
632 1818 634 1822 Α

177 1931 211 1988 ll.
254 1931 450 2007 Magistratus
474 1931 664 1988 inveniuntur
686 1930 830 2005 liquibus
853 1949 891 1988 ex
914 1932 1038 2006 antiquo
1060 1930 1197 1989 instituto
1219 1933 1267 1990 ius
1283 1941 1330 1990 est
1352 1950 1418 1990 sen-

118 2032 198 2092 tentiae
219 2034 361 2091 dicendae
384 2033 414 2090 in
437 2042 543 2092 senatu
565 2032 682 2089 duoviri
705 2032 818 2090 aediles
840 2042 1028 2107 quaestores,
1052 2043 1208 2108 praeterea
1230 2045 1360 2092 curator.

181 2136 200 2191 l.
242 2144 357 2192 curator
380 2153 458 2193 unus
482 2135 596 2210 (1,18)
616 2144 734 2192 creatus
755 2135 875 2192 nurnine
898 2135 935 2192 ab
958 2135 1138 2212 imperatore
1160 2136 1260 2210 itaque
1281 2137 1418 2195 nomina·

117 2239 151 2289 tus
168 2239 252 2310 primo
274 2237 352 2294 inter
370 2237 565 2314 magistratus
586 2236 653 2293 loco
675 2233 837 2311 (Ulpianus
854 2236 923 2312 Dig.
941 2237 990 2306 50,
1007 2238 1037 2306 3,
1053 2235 1085 2294 2:
1110 2241 1139 2294 iu
1154 2237 1220 2294 albo
1235 2238 1417 2296 decurionum

117 2337 138 2388 in
154 2342 288 2414 municipio
310 2342 424 2396 semaiae
446 2349 511 2396 ante
532 2338 618 2396 scribi
639 2349 749 2414 oportet
769 2357 872 2410 eonem,
901 2342 950 2413 qui
972 2339 1124 2412 dignitates
1143 2342 1284 2415 principis
1311 2342 1417 2398 iudicio

116 2445 231 2496 consecuti
243 2451 315 2510 suat,
332 2449 435 2515 posteo
451 2459 555 2509 cerunt,
574 2444 625 2514 qui
639 2450 747 2498 tantam
761 2441 981 2515 municipalibus
997 2440 1152 2498 honeribus
1159 2443 1255 2513 suncti
1270 2443 1359 2516 suut).
1377 2475 1414 2485 -

118 2532 238 2600 Defensor
258 2543 389 2600 civitatis
413 2543 495 2618 quod
522 2560 581 2600 non
607 2543 786 2611 nominatur,
813 2542 862 2598 vel
888 2543 957 2600 inde
984 2541 1129 2617 explicari
1157 2551 1265 2618 potest,
1293 2543 1373 2617 quod
1395 2545 1415 2600 ii

121 2633 211 2702 instituti
238 2662 307 2702 esse
335 2645 472 2702 ridentur
498 2664 526 2702 a.
556 2644 675 2701 demum
706 2643 766 2700 364
790 2641 840 2718 (0.
861 2643 918 2702 Th.
943 2646 970 2712 1,
992 2643 1041 2714 29,
1067 2644 1107 2719 l),
1141 2653 1209 2702 ante
1235 2661 1322 2720 quem
1352 2645 1415 2703 fieri

19 2821 21 2825 Ι
119 2749 239 2809 potestat
260 2745 360 2803 album
383 2747 569 2822 propositum
593 2747 641 2803 sit.

19 2916 28 2928 ,Ι
177 2844 197 2902 2.
238 2849 355 2905 daaeiri
377 2849 436 2906 duo
459 2849 502 2920 (l,
520 2847 659 2918 20-223
682 2866 750 2905 nam
767 2847 908 2922 Papirius
925 2847 1035 2906 Vitalis
1050 2849 1122 2905 milri
1145 2857 1191 2906 est
1212 2848 1318 2906 duovir
1340 2849 1416 2907 alter

19 2943 27 3032 ἰ
115 2939 210 3022 itemque
233 2949 342 3006 flamen
366 2951 552 3026 perpetuus).

175 3050 197 3107 3.
238 3052 346 3108 aediles
368 3051 429 3108 duo
452 3049 496 3126 (2,
513 3051 660 3127 25-27).

174 3153 196 3209 l.
236 3163 404 3228 quaestores
427 3153 471 3228 (2,
487 3151 536 3212 28.
554 3151 617 3228 29).
640 3172 766 3228 quorum
788 3171 842 3210 cur
864 3153 939 3212 alter
961 3153 1090 3224 deficiat,
1112 3155 1223 3212 nescio.

174 3253 220 3312 lll.
266 3252 443 3312 Sacerdotes
471 3249 691 3314 observandum
723 3264 770 3312 est
799 3274 835 3312 ne
863 3265 931 3329 post
956 3255 1085 3312 medium
1113 3257 1233 3331 quidem
1261 3257 1412 3315 saeculum

107 3361 217 3424 quartum
244 3357 402 3431 antiquum
432 3364 541 3415 statum
571 3367 712 3414 mutasse.
757 3354 847 3428 Quod
878 3356 1069 3416 inveniuntur
1096 3359 1126 3416 iu
1154 3359 1268 3429 ordine,
1302 3377 1412 3418 novum

101 3461 149 3524 est,
172 3459 221 3516 nisi
249 3459 330 3533 quod
360 3459 472 3516 flamini
495 3458 576 3516 Diali
605 3459 673 3534 ipsa
701 3458 814 3516 liberae
844 3459 885 3515 rei
914 3479 943 3536 p.
967 3469 1065 3516 aetate
1088 3460 1201 3518 Romae
1228 3461 1276 3518 ius
1304 3460 1360 3519 tuit
1380 3463 1412 3519 in

19 3625 22 3646 ι
98 3567 218 3618 senatum
241 3559 409 3618 introeundi
425 3559 506 3635 (Liv.
523 3559 573 3628 at,
589 3560 632 3634 8).
652 3541 654 3546 X
676 3561 750 3618 Inde
772 3559 897 3637 profecti
918 3562 974 3618 hoc
996 3561 1128 3632 saeculo,
1150 3571 1230 3620 certe
1252 3564 1282 3620 in
1300 3563 1411 3634 Africa,

19 3655 20 3690 ³
92 3661 253 3720 sacerdotes
275 3663 404 3720 maiores
425 3680 528 3721 omnes
550 3665 582 3720 in
603 3663 706 3720 ordine
728 3661 825 3720 locum
848 3662 967 3732 habent,
990 3663 1104 3721 scilicet
1124 3663 1336 3738 provinciales,
1360 3665 1411 3722 fla·

89 3763 180 3822 mines
198 3765 343 3840 perpetui,
366 3765 534 3840 pontifices,
558 3781 696 3840 augures,
719 3774 752 3821 ut
771 3763 856 3835 adeo,
879 3783 946 3846 cum
965 3765 1139 3839 praesertim
1155 3767 1324 3846 sacerdotia
1338 3767 1412 3824 haec

84 3864 183 3922 omnia
203 3877 348 3943 perpetua
370 3867 438 3938 siut,
464 3866 537 3924 ordo
561 3867 673 3924 maiore
696 3886 734 3922 ex
756 3875 841 3942 parte
863 3885 900 3923 ex
925 3867 1130 3924 sacerdotibus
1153 3869 1339 3945 compositus
1362 3871 1409 3928 sit.

80 3967 157 4026 Inde
182 3968 401 4042 quodammodo
428 3967 618 4044 explicantur
645 3969 832 4026 sacerdotum
855 3969 995 4026 Afrorum
1023 3970 1053 4026 in
1082 3989 1113 4026 rc
1140 3970 1261 4046 publica
1282 3972 1412 4048 gerenda

75 4083 180 4148 partes
206 4079 235 4127 st
262 4070 339 4128 alias
367 4079 492 4128 testatae
521 4081 550 4128 et
579 4072 709 4129 maxime
735 4071 850 4148 legibus
874 4069 1064 4129 Constantini
1087 4071 1187 4147 Magni
1216 4072 1262 4130 his
1284 4092 1309 4129 a.
1335 4073 1409 4130 335:

74 4173 214 4248 queniam
239 4173 312 4244 Asri
339 4172 462 4230 curiales
492 4177 637 4247 conquesti
662 4183 727 4230 suat
753 4175 890 4248 quosdam
918 4177 947 4230 ia
974 4192 1026 4231 suo
1053 4192 1170 4249 corpere
1195 4184 1262 4248 pest
1277 4175 1411 4248 flamonii

73 4275 208 4330 honorem
237 4284 263 4330 et
292 4275 447 4332 sacerdotii
474 4276 519 4332 uel
544 4279 730 4349 maqistratus
762 4275 884 4332 decursa
911 4277 1036 4350 insipida
1065 4279 1249 4350 praepositos
1278 4258 1411 4350 compelli

64 4376 137 4451 fieri
166 4379 351 4444 mansionum,
378 4378 455 4450 qued
483 4380 512 4432 ia
539 4377 661 4451 sinqulis
688 4380 777 4434 curiis
804 4381 943 4451 sequentis
975 4381 1067 4434 meriti
1099 4387 1125 4435 et
1148 4378 1257 4452 qradus
1285 4379 1410 4436 hemines

73 4476 197 4551 implere
218 4488 388 4536 consumuat
408 4487 462 4536 cet.
487 4476 536 4553 (C.
553 4477 611 4535 Th.
632 4477 679 4546 12,
698 4482 725 4548 l,
742 4477 795 4552 21)
818 4488 848 4536 et
870 4497 897 4535 a.
914 4478 972 4536 337
1002 4479 1074 4535 data
1100 4479 1138 4536 ad
1160 4479 1318 4536 concilium
1340 4499 1409 4556 pro·

69 4577 194 4635 vinciae
209 4579 344 4636 Africae:
368 4580 559 4638 sacerdotales
582 4591 608 4638 et
621 4582 755 4654 flamines
773 4590 927 4654 perpetuos
949 4590 1034 4655 atque
1056 4584 1137 4638 etiam
1159 4581 1352 4640 duumvirales
1373 4583 1409 4640 ab

71 4697 257 4738 maenarum
280 4685 490 4756 praeposituris
522 4685 657 4739 immunes
690 4699 749 4740 esse
771 4686 965 4758 praecipimus
997 4680 1046 4758 (C.
1069 4682 1127 4740 Th.
1147 4681 1193 4755 12,
1210 4684 1239 4752 5,
1255 4683 1298 4759 2).
1342 4682 1408 4740 Has

70 4783 160 4857 leges
182 4791 308 4856 apparet
329 4800 382 4840 eos
404 4783 489 4857 ipsos
512 4783 632 4841 ordines
654 4783 826 4860 respexisse
848 4802 925 4859 quos
951 4784 1011 4841 iam
1034 4784 1122 4843 nobis
1144 4785 1286 4862 proponit
1307 4785 1408 4842 album

71 4881 341 4960 Thamugadense

165 4985 189 5042 l.
234 4986 425 5044 sacerdotales
447 4986 505 5044 duo
528 4989 571 5063 (l,
591 4987 746 5063 15-17),
769 4989 891 5046 omnino
914 4989 1095 5064 provinciae,
1118 4989 1155 5046 de
1177 4988 1287 5064 quibus
1308 4987 1406 5044 confe-

69 5086 163 5144 rendi
190 5097 259 5144 sunt
285 5085 510 5147 Hirschfeldius
538 5090 618 5165 (ann.
643 5094 711 5148 inst.
737 5090 816 5148 1866
840 5111 869 5167 p.
886 5090 925 5149 69
949 5091 1027 5166 seq.)
1055 5100 1084 5148 et
1107 5087 1333 5164 Marquardtius
1361 5087 1406 5163 (in

71 5191 130 5247 hac
162 5188 351 5264 ephemeride
376 5192 402 5261 1,
419 5188 479 5248 212
509 5199 539 5249 et
565 5190 841 5268 Staatsuermaltuuq
873 5193 898 5265 1,
921 5190 1005 5266 372).
1049 5191 1090 5249 Hi
1118 5211 1177 5250 nun
1206 5190 1302 5250 solum
1329 5191 1408 5248 inter

1183 5293 1200 5352 6
