3496 5828
604 533 652 581 na
673 533 800 583 sne-ars
819 532 912 582 orus.
1374 513 1420 582 59

174 709 222 764 Ac
244 707 370 782 primum
399 706 517 782 quidem
545 707 575 764 in
602 705 805 780 hemerologio
836 713 954 763 vetusto
977 705 1123 762 Pinciano
1151 705 1213 762 sive
1239 706 1423 779 quadratarii

82 811 154 868 sive
177 809 244 868 eius
267 810 319 883 qui
342 807 503 885 descripsit
526 809 629 884 (periit
651 808 730 866 enim
754 808 846 882 lapis)
869 827 970 866 errore
988 806 1183 882 Opiconsicia
1206 807 1264 864 diei
1288 806 1326 863 26
1344 809 1422 883 Aug.

83 913 250 990 adsignata
277 929 353 980 esse,
383 929 450 968 curn
479 930 536 968 non
566 919 690 986 possent
718 930 777 968 non
805 909 955 986 adsignari
984 910 1186 982 antecedenti,
1215 909 1424 967 animadvertit

89 1015 302 1072 blommsenus
324 1010 374 1088 (C.
391 1012 415 1070 l.
432 1011 500 1069 L.l
528 1029 556 1087 p.
570 1011 654 1087 298).
696 1013 773 1069 idem
797 1031 864 1070 eurn
886 1012 963 1070 dixit
985 1019 1155 1086 corruptam
1179 1012 1337 1070 lectionem
1360 1027 1424 1070 orr-

86 1133 139 1175 cn>
164 1135 185 1172 Ν
209 1116 292 1191 (nam
316 1133 389 1173 sane
417 1113 580 1190 optanta)
604 1115 685 1172 suere
708 1115 805 1190 nulla)
829 1114 872 1173 sic
895 1114 1003 1173 debere
1025 1114 1139 1172 restitui

177 1217 216 1276 25
240 1234 256 1274 ε
279 1216 406 1292 οιιε[ιι)]
429 1234 450 1274 ιι

86 1320 239 1396 siquidem
268 1320 381 1378 litteras
409 1315 544 1377 seclusas
572 1337 643 1377 casu
671 1319 781 1377 inlatas
807 1337 875 1377 esse
903 1319 1030 1394 putarit,
1065 1319 1136 1376 mihi
1166 1328 1245 1376 certe
1272 1338 1334 1376 rent
1364 1339 1423 1376 non

86 1423 232 1498 probarit
254 1422 327 1479 satis
355 1421 548 1497 singularem.
593 1421 682 1478 immo
705 1421 734 1478 in
758 1421 813 1479 hac
835 1441 955 1498 qnoque
977 1428 1061 1496 parte
1084 1422 1262 1496 scripturam
1286 1433 1359 1495 puto
1382 1422 1424 1478 ita

87 1542 214 1599 pessum
238 1524 337 1580 datam
360 1540 429 1580 esse
452 1531 484 1580 ut
505 1523 594 1580 etiam
619 1523 704 1598 periti
733 1543 790 1580 non
818 1535 1013 1599 agnoscerent
1039 1521 1120 1597 quod
1150 1523 1272 1580 dederat
1293 1522 1423 1598 qnadra-

84 1626 185 1684 tarius

176 1725 216 1886 {g
241 1745 256 1887 Ξ
279 1794 487 1839 ort-ortos

85 1940 118 1988 et
142 1930 297 1989 difficilem
326 1931 404 1990 lectu
431 1932 525 1990 fuisse
554 1934 731 2012 scripturam
759 1941 905 1990 monstrat
938 1945 1077 2010 corrupta
1104 1934 1157 1992 illa
1186 1934 1243 1991 diei
1273 1932 1354 2011 Sept.
1384 1933 1422 1990 22

86 2043 174 2103 nota,
198 2034 250 2091 ubi
274 2034 413 2092 traditum
604 2095 615 2112 Ι

177 2153 216 2210 ⁴22
240 2153 299 2212 Ac
312 2153 395 2196 nanc
410 2112 601 2196 narsus(

83 2257 115 2315 in
140 2277 180 2315 ea
202 2256 280 2314 sacri
304 2257 437 2332 alioquin
460 2258 554 2334 ignoti
578 2258 761 2329 memoriam,
784 2259 881 2334 qualis
897 2268 944 2316 est
958 2260 1082 2318 alterius
1097 2261 1218 2335 ascripti
1234 2261 1272 2318 ad
1289 2259 1327 2317 24
1345 2261 1423 2338 Aug.

83 2358 195 2416 Lanae
218 2361 247 2415 in
273 2358 495 2436 maecenati),
519 2361 611 2418 latere
634 2369 767 2436 apparet.
812 2361 848 2418 de
875 2382 906 2417 re
929 2380 1053 2436 prorsus
1079 2365 1209 2420 obseura
1231 2363 1299 2420 licet
1321 2364 1424 2438 opina-

84 2462 189 2518 tiones
213 2479 379 2535 proponere
402 2463 534 2538 iniquum
557 2464 605 2532 sit,
629 2471 728 2521 tamen
752 2463 908 2522 videndum
933 2483 970 2522 an
993 2465 1066 2522 talia
1087 2465 1205 2541 possint
1227 2465 1341 2523 restitui

177 2581 215 2637 ιη
241 2580 300 2639 ΑΕ
312 2567 606 2624 nanc-tltaomanra

85 2684 144 2742 sed
169 2684 245 2741 baec
267 2693 332 2742 utut
358 2696 428 2744 sunt
447 2719 485 2728 —
507 2705 602 2762 neque
631 2687 708 2744 enirn
737 2688 896 2763 quiequam
924 2688 1038 2745 faciunt
1064 2687 1102 2744 ad
1130 2707 1190 2745 rem
1218 2695 1350 2744 nostram
1381 2687 1423 2744 di·

83 2785 282 2844 iudicandam
302 2820 342 2828 —
365 2787 421 2846 boc
444 2807 565 2864 quaere,
589 2789 716 2864 primum
740 2799 855 2848 rectene
879 2799 919 2860 tu,
948 2793 992 2846 vir
1014 2789 1134 2866 optime,
1157 2799 1277 2846 auctore
1300 2789 1424 2846 Momm-

86 2909 168 2948 seno
192 2888 237 2965 (p.
253 2889 313 2946 408
330 2889 369 2964 s.)
398 2891 539 2948 statueris
563 2891 767 2966 Opiconsiviis
791 2892 819 2950 d.
844 2891 882 2950 95
906 2893 983 2966 Aug.
1007 2901 1035 2948 et
1057 2891 1206 2967 Opalibus
1234 2891 1262 2948 d.
1290 2891 1325 2948 19
1351 2891 1423 2948 Dee.

84 3010 211 3050 sacrum
235 2991 343 3050 iactum
367 3010 434 3050 esse
457 2993 493 3049 ad
517 2993 618 3050 aedem
643 2992 764 3052 Saturni
787 3002 817 3052 et
840 2993 929 3069 Opis,
959 3013 1084 3068 eamque
1111 2993 1211 3050 aedem
1235 2994 1266 3050 in
1289 2991 1426 3051 Vallensi

83 3093 298 3171 hemerologio
320 3094 409 3151 modo
432 3095 473 3151 ud
491 3097 593 3168 sorum
615 3095 668 3170 (19
692 3095 780 3168 Dec.)
810 3093 898 3152 modo
920 3099 948 3152 in
973 3095 1115 3170 Capitulio
1144 3095 1197 3170 (25
1222 3095 1315 3172 Aug.)
1339 3096 1427 3154 sitam

83 3215 159 3254 esse
183 3195 257 3266 diei3
281 3196 389 3254 deinde
411 3196 485 3272 quid
508 3197 547 3255 sit
569 3197 650 3272 quod
673 3197 907 3273 hemerologium
931 3197 1086 3256 Arvalium
1113 3197 1184 3256 bina
1212 3206 1329 3273 praeter
1352 3197 1427 3275 Opi-

82 3297 229 3356 eonsivia
251 3316 338 3356 saera
359 3315 461 3356 mense
484 3300 624 3376 Augusto
648 3299 706 3376 Opi
731 3301 847 3358 videtur
873 3300 1034 3358 attribuere
1062 3301 1190 3358 alterurn
1214 3300 1356 3378 Opiferae
1378 3301 1427 3358 die

79 3398 291 3470 antecedenti,
314 3399 439 3459 alterum
463 3400 676 3476 Opiconsiviae
699 3401 746 3460 die
769 3403 952 3477 insequenti:
984 3421 1050 3459 nam
1078 3402 1120 3459 ita
1148 3421 1194 3459 me
1221 3402 1331 3479 lapidis
1354 3402 1427 3460 ima-

77 3504 191 3579 ginem
220 3521 239 3559 a
266 3511 294 3558 te
321 3502 393 3560 olim
420 3511 676 3579 repraesentatam
704 3513 782 3562 reete
819 3505 1008 3580 interpretari
1037 3523 1095 3562 non
1124 3503 1227 3562 dubito
1255 3505 1328 3580 quin
1354 3523 1427 3562 mox

76 3603 292 3665 concesseris.

176 3707 205 3763 Α
230 3707 349 3763 nornine
371 3706 456 3766 aedis
480 3717 511 3764 ut
534 3707 690 3784 incipiam,
719 3727 777 3766 non
801 3727 924 3784 possum
949 3727 1009 3766 non
1031 3709 1159 3786 probare
1182 3727 1284 3767 eorum
1309 3717 1426 3767 senten·

75 3813 162 3870 tiam
192 3807 245 3882 qui
269 3809 370 3866 aedem
393 3809 424 3866 in
446 3807 598 3887 Capitolio
622 3811 729 3868 facturn
753 3811 790 3868 ab
814 3811 885 3868 aede
909 3811 944 3869 ad
968 3811 1066 3868 forum
1090 3811 1149 3868 sita
1172 3829 1296 3886 prorsus
1319 3811 1426 3870 disere-

73 3919 208 3972 verunt.
255 3909 382 3984 primum
405 3912 484 3969 enirn
508 3930 584 3989 nego
612 3913 699 3970 unius
727 3913 920 3989 eiusdemque
947 3913 1139 3989 hemerologii
1163 3913 1307 3971 editorem
1331 3913 1427 3970 diver-

67 4017 121 4076 sis
151 4010 364 4088 cognomentis
388 4031 473 4070 usum
497 4031 562 4071 esse
585 4033 673 4088 posse
696 4015 786 4073 credi.
831 4035 890 4090 qua
914 4016 950 4074 de
979 4037 1010 4073 re
1037 4034 1108 4074 sane
1131 4015 1225 4073 decidi
1248 4035 1307 4074 non
1329 4023 1428 4092 potest

66 4117 141 4178 nisi
177 4112 357 4189 compositis
384 4113 518 4172 locorum
548 4133 623 4190 quae
651 4117 682 4174 in
711 4117 922 4196 hemerologiis
955 4127 1225 4176 commemorantur
1256 4117 1427 4176 nominibus

65 4215 258 4281 universis:
298 4214 420 4274 exhibui
448 4218 540 4292 igitur
568 4217 721 4276 elenchum
750 4237 852 4278 eorum
879 4221 999 4298 plenum
1029 4221 1130 4295 itaque
1152 4221 1332 4297 dispositum
1356 4230 1428 4277 uta

63 4319 248 4399 Capitolio
271 4315 396 4392 foroque
419 4335 506 4376 orsus
524 4316 697 4378 Seruianam
722 4321 837 4394 urbem,
860 4323 928 4382 dein
948 4342 1024 4398 quae
1047 4329 1133 4379 extra
1155 4342 1256 4381 muros
1278 4323 1336 4382 sita
1358 4331 1429 4381 sunt

58 4429 272 4508 persecutus
296 4419 361 4476 sim.
