3458 5820
318 504 400 594 332
569 495 752 579 uouusnu
779 527 1081 580 onssnvrmouss
1108 526 1395 580 amensamens.

403 697 627 776 orthographia
648 699 802 758 titulorum
826 701 980 760 sollemnis
1002 710 1057 772 est,
1084 700 1116 758 in
1138 700 1312 778 adiaphoris
1338 707 1437 760 autem
1460 699 1573 759 solitae
1594 718 1660 756 am-

317 801 487 876 biguitatis;
510 802 553 859 ita
574 803 764 880 reperiuntur
787 803 905 862 allectas
928 805 956 860 A
980 805 1008 874 5,
1035 803 1233 862 attribuendae
1254 802 1279 861 B
1305 805 1353 872 15,
1380 803 1546 878 collapsam
1568 800 1594 858 B
1617 799 1658 858 26

318 911 348 960 et
369 903 578 964 adtribaeadae
599 905 625 962 A
646 907 694 975 ll,
717 905 843 964 adlectus
865 905 981 963 135-
997 909 1116 964 comr'tr'is
1137 905 1218 964 1315
1241 913 1271 964 et
1293 908 1402 964 cernitis
1424 905 1488 962 hs
1507 939 1548 948 -
1570 923 1659 962 amau

321 1003 346 1062 B
370 1003 408 1063 28
432 1015 462 1063 et
483 1007 590 1065 ahenea
612 1007 640 1064 A
657 1005 696 1064 38
712 1043 750 1052 -
766 1007 909 1067 Volcanus
930 1009 960 1065 A
984 1007 1020 1066 21
1045 1007 1071 1065 B
1095 1008 1111 1065 3
1137 1017 1166 1065 et
1182 1007 1330 1066 Volkanas
1352 1010 1383 1066 A
1405 1008 1434 1065 4.
1478 1007 1581 1083 Magis
1597 1025 1659 1064 me-

321 1107 465 1166 morabile
492 1116 550 1182 est,
577 1109 657 1185 quod
684 1109 823 1168 archaice
848 1109 994 1186 quaedam
1021 1109 1220 1181 offenduntur,
1254 1111 1367 1169 scilicet
1383 1128 1525 1185 pronum
1548 1108 1660 1184 legitur

319 1211 347 1267 A
365 1211 413 1282 39,
437 1211 507 1269 item
530 1230 596 1270 cum
617 1213 730 1287 passim
753 1213 900 1271 scribatur
919 1215 1054 1288 pecunia,
1078 1211 1170 1272 semel
1193 1222 1241 1271 est
1256 1231 1325 1290 peq.
1342 1213 1367 1270 B
1385 1211 1434 1284 28,
1456 1229 1536 1287 quae
1558 1211 1661 1268 forma

319 1320 389 1387 post
409 1314 578 1390 Augustum
594 1315 720 1373 rarescit
733 1333 830 1391 neque
851 1327 951 1374 tamen
973 1315 1061 1390 plane
1103 1315 1261 1374 evanescit.
1304 1314 1383 1374 Nam
1405 1325 1529 1392 praeter
1550 1313 1659 1371 titulos

319 1415 426 1472 aetatis
454 1415 581 1474 Flaviae
609 1416 681 1492 (vol.
697 1416 730 1474 ll
752 1437 780 1476 rr.
798 1415 894 1487 20413
923 1417 948 1476 Ι.
964 1418 1001 1476 R.
1017 1415 1056 1477 N.
1080 1416 1171 1475 2020.
1196 1416 1291 1492 2541)
1319 1417 1444 1476 eundem
1472 1417 1658 1494 scripturam

319 1517 431 1576 hahent
447 1518 571 1577 secundi
587 1519 698 1577 saeculi
715 1519 774 1577 duo
789 1519 949 1577 Puteolani
965 1520 1041 1578 alter
1054 1520 1124 1578 anni
1146 1539 1175 1596 p.
1192 1516 1265 1577 Chr.
1283 1519 1339 1577 161
1366 1519 1507 1594 (Henzen
1525 1517 1659 1594 Miles),

320 1619 396 1678 ulter
418 1619 457 1694 (I.
480 1621 518 1680 R.
541 1620 580 1680 N.
605 1619 701 1696 2517)
724 1621 794 1679 anni
823 1639 852 1696 p.
877 1619 947 1680 Chr.
974 1612 1053 1681 187.
1086 1621 1171 1680 Vitia
1197 1623 1344 1680 sermonis
1375 1623 1434 1681 duo
1464 1621 1662 1699 reperiuntur

324 1720 479 1781 Oatierilue
501 1725 528 1780 A
553 1721 592 1782 20
614 1731 644 1781 et
665 1723 850 1782 trichilinium
872 1725 901 1782 A
927 1724 978 1794 17;
1006 1741 1186 1800 quemquam
1210 1723 1285 1782 haec
1307 1724 1527 1802 orthographia
1549 1722 1661 1781 Latine

320 1823 449 1884 sortasse
472 1825 591 1884 defendi
613 1833 721 1903 potest,
750 1835 830 1884 certe
852 1825 928 1884 redit
950 1835 1010 1884 tem
1032 1827 1063 1884 in
1085 1826 1173 1884 titulo
1194 1823 1390 1886 Henzeniauo
1414 1847 1442 1885 n.
1460 1825 1544 1885 7372
1567 1844 1661 1902 quam

320 1926 350 1984 in
377 1927 472 1986 altero
501 1928 629 1999 inedito,
659 1946 746 2004 quem
769 1939 838 1986 ante
860 1927 971 1986 multos
994 1946 1088 1986 annos
1111 1928 1257 2005 descripsi
1278 1928 1394 1988 Romae
1417 1929 1448 1988 in
1469 1928 1660 1988 columbario

322 2027 508 2107 Campanae:
531 2030 626 2090 Batus
652 2029 684 2088 C.
709 2030 807 2089 Ceioni
827 2032 903 2105 disp.
925 2031 965 2088 ad
986 2031 1179 2089 trichilirriam.

1357 2135 1416 2192 Tu.
1440 2135 1617 2193 Mouussrr.

540 2742 857 2836 ADDENDA
887 2743 969 2834 ΕΤ
1000 2737 1442 2835 CORRIGENDA.

409 2966 443 3024 In
476 2965 581 3025 tabula
615 2966 691 3043 legis
724 2964 908 3025 Ursonensis
946 2965 1064 3023 adiecta
1097 2966 1228 3041 paginae
1260 2959 1348 3022 huius
1382 2961 1588 3038 ephemeridis
1624 2964 1664 3021 90

325 3068 415 3144 [Tan.
431 3067 469 3141 V,
492 3071 529 3128 ed
552 3067 608 3144 IV]
631 3069 727 3128 scribe

450 3169 581 3231 001.111
604 3190 631 3229 r.
649 3173 687 3230 33
711 3169 991 3246 sorvarvaospro
1016 3169 1257 3246 sonvarvaoye)

408 3275 444 3331 lu
467 3275 561 3334 altera
582 3273 686 3332 tabula
708 3272 798 3348 [Tab.
819 3272 874 3347 VI,
897 3275 944 3332 ed.
960 3273 1000 3348 V]
1023 3273 1119 3332 scribe

452 3373 516 3434 Col.
533 3376 565 3434 II
588 3377 651 3434 v.4
673 3376 703 3434 in
726 3375 784 3434 fine
806 3391 902 3435 νιιτο
917 3407 925 3421 ·
941 3391 1022 3433 rusve
1046 3376 1113 3452 (pro
1137 3374 1228 3450 usus)

452 3475 518 3537 Col.
534 3479 579 3537 lll
600 3498 628 3536 v.
645 3477 663 3536 9
685 3478 717 3537 in
737 3478 796 3537 fine
819 3493 983 3538 uscorrvru
999 3508 1006 3523 ·
1023 3495 1131 3537 osrvn
1147 3508 1154 3521 ·
1171 3493 1235 3535 eurr
1257 3475 1326 3554 (pro
1349 3492 1520 3536 usoorrvra
1535 3508 1543 3522 ·
1559 3477 1646 3552 sarr)

1370 3581 1456 3638 Asu.
1473 3578 1623 3640 Hirsuta.

891 3751 1094 3762 *nn——

411 3973 459 4033 Ad
482 3992 510 4050 p.
528 3973 597 4033 236.
643 3972 786 4032 Vaticinii
815 3971 949 4051 Sibyllae
979 3972 1059 4049 quod
1093 3972 1134 4031 ibi
1167 3969 1246 4030 edidi
1281 3969 1396 4028 monuit
1418 3967 1542 4028 Dessau
1579 3987 1662 4044 prae-

328 4077 521 4155 scriptionem
543 4095 662 4153 quoque
684 4076 716 4135 in
737 4076 815 4134 libro
838 4075 985 4135 Vaticano
1008 4092 1166 4152 superesse
1193 4074 1260 4131 loco
1289 4089 1345 4129 suo
1372 4079 1496 4130 motam.
1541 4068 1662 4130 Scilicet

327 4187 398 4255 post
419 4178 592 4236 vaticinium
614 4177 634 4236 f.
650 4174 680 4235 2‘
703 4183 788 4254 sequi
818 4178 935 4237 titulum
958 4176 1115 4236 Dumontii
1138 4175 1213 4246 ild,
1241 4174 1347 4232 deinde
1370 4173 1457 4230 haec:
1498 4171 1592 4248 Apud
1611 4171 1661 4228 Pe·

329 4283 452 4340 rinthum
477 4281 620 4339 Thraciae
642 4280 707 4338 olim
729 4269 913 4356 metropolim,
941 4299 1027 4357 qaam
1056 4279 1138 4336 hodia
1159 4276 1333 4336 Heracleam
1355 4277 1452 4333 dicam
1473 4283 1614 4333 renatam
1634 4275 1660 4328 ia

328 4384 498 4460 Propontieo
520 4385 659 4442 civitatem
674 4383 771 4457 fatale
793 4393 820 4440 at
834 4382 1007 4457 Sibylliaum
1029 4382 1081 4439 boc
1103 4384 1279 4456 epipramma
1301 4381 1486 4453 comperimus
1509 4378 1552 4434 ad
1572 4380 1662 4452 ipram

328 4485 575 4562 metropolitanam
600 4484 699 4543 beatae
725 4487 845 4560 cirpinie
872 4485 969 4543 aedem
996 4485 1037 4541 acl
1061 4483 1190 4540 dostram
1222 4499 1293 4539 arae
1320 4489 1435 4555 parram
1462 4482 1494 4537 in
1525 4494 1663 4536 mamere

333 4587 453 4648 Graecia
476 4587 576 4645 litteris
603 4597 629 4646 et
649 4589 757 4645 eximiis
779 4587 971 4663 consculptum
993 4586 1035 4644 ad
1050 4586 1132 4661 prid.
1153 4584 1219 4641 idue
1240 4581 1316 4657 Aap.
1339 4580 1467 4656 Eapeaii
1486 4592 1567 4657 pom.
1590 4596 1660 4636 mar.

328 4711 405 4750 aare
421 4689 534 4748 XIIII.
575 4689 652 4746 Post
673 4707 737 4746 eam
760 4689 984 4765 inscriptionem
1006 4705 1117 4745 vacare
1138 4701 1243 4744 versus
1269 4701 1335 4754 sex,
1358 4681 1465 4740 deinde
1489 4682 1574 4758 sequi
1597 4681 1662 4738 titu-

329 4794 389 4852 lum
414 4791 571 4851 Dumontii
599 4789 672 4849 wa.
716 4789 848 4868 Liquido
877 4800 1002 4867 apparet
1028 4789 1058 4846 in
1089 4787 1188 4863 spatio
1214 4786 1264 4843 illo
1293 4801 1389 4844 vacuo
1416 4785 1576 4843 oraculum
1601 4801 1659 4860 per·

331 4897 448 4954 scriben
470 4894 539 4952 dum
563 4893 667 4964 luisse,
690 4903 769 4951 recte
790 4893 881 4968 igitur
903 4893 939 4950 de
961 4911 997 4950 eo
1019 4890 1200 4950 iudicavisse
1223 4885 1491 4946 Wilamovitzium.

1363 4987 1425 5047 Tu.
1448 4987 1624 5046 biberussa.
