3488 5828
309 541 382 613 208
904 559 1047 612 ussssu

308 735 486 796 sacerdotiis
508 736 552 794 eis
574 709 702 794 obtibuit
723 735 846 810 inques
869 743 898 792 et
913 733 1031 809 patricii
1052 740 1082 791 et
1104 731 1213 809 plebeii
1236 733 1463 810 coeptabantur,
1491 743 1525 791 ut
1547 734 1577 792 in
1598 734 1640 791 lo·

308 857 374 897 cum
397 838 516 915 patricii
537 837 683 896 demortui
704 855 791 896 nemo
812 837 871 894 nisi
893 835 1048 912 patricius,
1077 835 1108 893 in
1134 834 1235 894 locum
1257 835 1367 912 plebeii
1389 855 1476 894 nemo
1500 836 1559 894 nisi
1582 835 1642 911 ple-

309 940 394 999 beius
418 947 617 1016 cooptaretur,
647 940 742 997 altera
763 937 848 1023 parte
871 937 1032 996 sacerdotii
1053 937 1188 1014 patriciis
1211 937 1308 996 altera
1329 937 1457 1015 plebeiis
1479 938 1640 1013 servata1),

309 1041 429 1102 sodales
451 1042 633 1120 Augustales
657 1047 825 1112 servarunt3
854 1041 885 1097 in
912 1059 978 1098 eam
1001 1039 1079 1098 enim
1102 1039 1253 1099 decuriam
1275 1057 1353 1114 quse
1375 1039 1509 1100 Neronis
1532 1038 1642 1100 Caesa-

309 1145 352 1204 ris
374 1145 490 1222 patricii
512 1144 642 1203 bominis
658 1161 752 1202 causa
766 1143 928 1202 constituta
950 1151 996 1200 est
1015 1142 1165 1216 pervices
1188 1151 1354 1219 temporum
1377 1145 1525 1202 successit
1539 1163 1566 1201 a
1585 1143 1642 1200 230

311 1245 348 1320 Q.
373 1247 531 1306 Petronius
553 1246 670 1318 Melior,
693 1265 781 1322 quem
803 1245 950 1320 plebeium
977 1243 1070 1303 fuisse
1092 1262 1159 1303 cum
1188 1245 1369 1304 tribunatum
1395 1246 1494 1322 plebis
1517 1247 1644 1324 gesserit

310 1350 416 1408 titulus
440 1347 697 1408 Wilmannsisnus
723 1345 838 1422 12132)
861 1346 956 1405 docet.

394 1453 446 1511 Ius
468 1469 564 1510 novos
588 1449 758 1509 sacerdotes
780 1449 811 1508 in
833 1449 930 1508 locum
952 1447 1176 1508 demortuorum
1199 1459 1229 1507 et
1251 1449 1494 1526 damnatoruml)
1526 1451 1644 1510 creandi

311 1572 403 1631 penes
426 1572 514 1630 quem
536 1553 634 1623 fuerit,
662 1560 743 1611 certo
769 1571 830 1610 non
855 1559 988 1621 constat;
1017 1551 1142 1610 eundem
1170 1560 1268 1609 autem
1295 1553 1388 1612 fuisse
1414 1571 1530 1612 morem
1558 1563 1648 1630 atque

312 1677 377 1715 eum
406 1657 457 1734 qui
485 1657 515 1714 in
542 1663 683 1731 quattuor
708 1653 902 1730 amplissimis
931 1672 1007 1730 quae
1030 1653 1213 1712 vocabantur
1240 1655 1428 1728 sacerdotiis,
1456 1654 1648 1732 pontificibus

311 1759 472 1836 auguribus
488 1757 731 1835 quindecimviris
753 1756 848 1816 sacris
868 1755 1016 1814 faciundis
1032 1757 1222 1832 septemviris
1238 1757 1408 1834 epulonum,
1431 1759 1648 1834 imperatorum

312 1869 409 1920 aetate
431 1868 570 1936 receptus
591 1860 658 1931 fuit,
681 1866 713 1918 ut
735 1858 906 1918 sacerdotes
922 1867 1037 1916 crearet
1059 1867 1182 1918 senatus
1202 1859 1316 1917 ratione
1331 1860 1436 1941 habita
1451 1877 1555 1918 eorum
1571 1878 1648 1936 quos

313 1962 427 2024 Caesar
453 1963 706 2035 commendasset,
733 1961 790 2020 hac
817 1961 1008 2036 potissimum
1037 1981 1076 2018 ex
1103 1979 1193 2020 causa
1219 1962 1282 2020 veri
1308 1962 1405 2021 simile
1431 1963 1480 2032 fit,
1508 1963 1593 2038 quod
1620 1963 1651 2021 in

311 2065 400 2124 fastis
422 2084 514 2142 supra
528 2064 766 2124 commemoratis
789 2063 994 2141 cooptationes
1017 2082 1109 2139 snpra
1123 2083 1278 2122 numerum
1301 2083 1340 2122 ex
1363 2074 1487 2124 senatus
1511 2064 1651 2123 consulto

312 2169 400 2241 fiunt;
428 2187 525 2246 neque
553 2167 708 2244 probabile
734 2175 782 2225 est
809 2176 946 2224 senatum
972 2166 1007 2224 ds
1035 2165 1190 2224 sodalibus
1216 2173 1305 2225 extra
1330 2185 1486 2226 numerum
1510 2166 1653 2226 creandis

313 2271 472 2348 quicquam
499 2269 665 2329 decrevisse
692 2269 717 2328 si
746 2286 824 2345 quae
850 2287 889 2328 ex
916 2268 1019 2327 ordine
1051 2268 1164 2327 fiebant
1190 2269 1383 2328 suffectionss
1410 2269 1488 2328 nihil
1515 2269 1555 2329 ad
1584 2289 1654 2329 eum

312 2371 545 2451 pertinebant4).

399 2474 524 2536 Summa
544 2473 640 2533 luisse
660 2473 805 2550 dignitate
828 2473 948 2532 sodales
963 2473 1148 2550 Augustales
1171 2483 1259 2532 etex
1282 2474 1325 2533 eis
1348 2493 1424 2551 quae
1446 2493 1542 2550 supra
1566 2475 1656 2533 attuli

315 2587 441 2657 apparet
467 2591 496 2636 et
521 2598 559 2636 ex
585 2595 620 2636 eo
647 2576 728 2653 quod
758 2595 819 2634 una
846 2595 912 2634 cum
941 2583 1083 2652 quattuor
1109 2594 1185 2652 quae
1219 2575 1357 2636 sollemni
1384 2577 1504 2636 dicendi
1531 2578 1657 2636 ratione

315 2681 503 2758 amplissima
523 2681 709 2738 vocabantur
734 2678 869 2755 collegiis
893 2697 1016 2736 munera
1038 2679 1183 2754 quaedam
1206 2697 1259 2738 eos
1283 2678 1420 2748 edidisse¹
1435 2678 1604 2756 Tacitus⁵)
1628 2689 1658 2738 et

315 2783 408 2858 Dios)
432 2791 568 2856 narraut;
597 2781 650 2841 sed
676 2799 736 2840 non
763 2781 805 2838 ita
827 2798 894 2838 esse
922 2789 1067 2856 aequatos
1090 2789 1232 2855 quattuor
1253 2781 1313 2840 illis
1337 2781 1514 2840 sacerdotiis
1536 2791 1574 2840 ut
1597 2783 1658 2840 iam

315 2885 428 2945 nullum
451 2885 611 2943 discrimen
632 2884 793 2942 interesset
813 2901 909 2958 neque
931 2901 970 2941 ex
985 2891 1127 2959 quattuor
1149 2885 1345 2960 amplissimis
1369 2883 1549 2943 sacerdotiis
1568 2885 1659 2960 quin-

316 3008 374 3066 que
396 3006 461 3048 esse
483 2988 571 3056 facta,
593 2987 650 3044 bac
673 3004 711 3043 ex
732 3004 764 3042 re
786 2985 983 3044 demonstrari
1005 3003 1094 3062 posse
1116 2997 1203 3064 puto:
1232 3006 1299 3044 cum
1327 2993 1371 3044 tot
1397 2970 1554 3063 supersint
1578 2986 1660 3045 tituli

315 3091 423 3166 quibus
445 3089 599 3147 bominum
621 3089 674 3164 qui
695 3087 831 3146 florentis
853 3087 969 3165 imperii
992 3095 1124 3164 tempore
1147 3089 1285 3147 vixerunt
1305 3089 1435 3147 honores
1456 3095 1488 3146 et
1510 3089 1660 3147 sacerdo·

315 3193 358 3251 tia
384 3200 602 3262 enumerentur,
629 3207 777 3266 nusquam
804 3189 883 3248 idem
906 3190 996 3248 homo
1019 3189 1135 3249 duobus
1161 3210 1201 3249 ex
1227 3191 1288 3250 illis
1310 3193 1451 3266 quattuor
1472 3191 1659 3250 sacerdotiis

315 3294 470 3372 praeditus
501 3311 569 3352 csse
600 3291 800 3367 invenitur²);
835 3292 949 3351 scilicet
980 3309 1072 3368 supra
1101 3293 1249 3370 privatum
1283 3293 1390 3352 extolli
1420 3292 1587 3353 videbatur
1621 3294 1660 3352 ad

317 3508 502 3571 imperatorum
524 3513 608 3557 aetate
631 3523 732 3573 semper
754 3507 870 3572 plebeios
895 3508 1012 3558 homines
1036 3509 1114 3558 luisse
1140 3509 1326 3559 demonstravit
1349 3509 1530 3560 Mommsenus
1553 3506 1660 3560 Stacta-

317 3597 388 3649 recle
408 3601 432 3661 1,
447 3599 499 3648 457
519 3600 560 3649 ed.
583 3602 595 3649 l
618 3600 664 3661 (=
680 3603 704 3661 1,
720 3601 772 3651 5³7
793 3601 833 3649 ed.
856 3599 890 3662 2).
912 3602 936 3660 2,
952 3601 1015 3650 452.

395 3689 418 3752 ¹)
456 3692 603 3742 Mommsen
624 3691 692 3742 Ram.
712 3690 894 3758 Forscbunqeu
916 3694 938 3752 l,
954 3693 997 3742 85.

393 3781 418 3845 ²)
458 3783 498 3834 Cf.
517 3785 586 3834 inira
605 3785 707 3836 sodales
727 3785 883 3849 Augustales
903 3785 1050 3835 Claudiales
1069 3801 1095 3835 n.
1107 3787 1133 3836 4.

395 3873 419 3938 3)
458 3877 490 3926 In
514 3877 694 3927 damnatorum
718 3891 819 3942 quoque
844 3879 930 3927 locum
956 3877 1118 3927 suffectiones
1142 3878 1223 3926 laetas
1248 3891 1302 3926 esse
1329 3892 1360 3926 ea
1383 3892 1415 3927 ex
1441 3893 1470 3928 re
1490 3884 1663 3945 cognoscitur

319 3969 388 4033 quod
408 3969 560 4019 Plutarchus
580 3986 605 4033 q.
619 3969 694 4020 ltom.
709 3971 742 4020 09
764 3977 789 4018 11
808 3970 908 4020 Plinius
927 3985 967 4034 ep.
983 3971 1009 4031 4,
1026 3972 1050 4030 s,
1068 3972 1081 4017 l
1102 3969 1184 4020 solum
1205 3976 1355 4034 auguratum
1375 3985 1430 4019 non
1448 3971 1557 4022 licuisse
1578 3975 1661 4024 adimi

318 4061 414 4110 virenti
433 4067 547 4111 narrant.
586 4061 805 4126 0111111111,
823 4063 928 4124 11,121
948 4060 1019 4112 modo
1039 4061 1188 4122 correctoris,
1209 4059 1281 4112 modo
1295 4062 1427 4128 septemvir
1440 4063 1589 4129 epulonum,
1611 4069 1662 4116 ium

318 4159 437 4202 1111111111.

395 4241 422 4308 ⁴)
461 4244 501 4295 Cf.
520 4245 666 4296 Mommsen
686 4243 845 4296 Staatsrecdt
865 4248 889 4308 2,
905 4246 974 4296 1022
994 4250 1060 4297 11.1.

397 4333 420 4396 ⁵)
458 4338 528 4387 Aun.
545 4337 633 4399 3,(141
653 4338 782 4405 supplicu'u
799 4337 840 4387 dis
859 4337 961 4405 ludique
978 4339 1066 4404 maqru'
1084 4336 1115 4387 ab
1135 4346 1222 4388 senatu
1241 4339 1414 4403 decernuntur,
1440 4355 1504 4406 quos
1520 4345 1664 4411 pontifices

319 4433 343 4476 et
363 4443 471 4492 augures
489 4435 512 4478 et
530 4427 722 4494 quindecimviri
740 4431 896 4498 septemviris
914 4431 988 4480 11111111
1006 4438 1030 4480 11
1048 4429 1179 4481 sodalibus
1199 4430 1383 4498 Augustalibus
1401 4429 1510 4481 ederent.

397 4517 422 4584 ⁶)
461 4519 505 4582 58,
521 4523 569 4572 121
590 4517 742 4590 ἔψηφίσαντο
757 4557 764 4569 .
782 4557 788 4569 .
805 4557 810 4569 .
828 4557 834 4570 .
849 4511 892 4586 τὴν
910 4515 1003 4592 ἡμέραν
1023 4520 1046 4571 ἓν
1065 4510 1241 4595 {trabeisque
1262 4524 1391 4586 (Seianus)
1414 4521 1454 4573 aad
1475 4518 1558 4574 ἵππων
1579 4524 1662 4595 11711111

319 4605 361 4662 καὶ
380 4606 477 4680 θηρίων
490 4617 600 4680 σφαγαῒς
613 4609 723 4677 ἐτησίοις
737 4604 780 4664 tri
790 4631 817 4663 τι
836 4615 882 4665 ruis
902 4612 926 4672 te
938 4604 984 4672 τοὶς
995 4611 1122 4684 τέσσαρας
1137 4604 1269 4684 ἱερωσύνας
1286 4606 1421 4666 τελούντων
1434 4608 1477 4665 καὶ
1491 4607 1536 4665 tel
1550 4617 1601 4668 τῦν
1614 4617 1660 4668 τοῦ

319 4692 467 4771 Adynu'crco
480 4703 613 4756 θιασωτῦν
626 4695 801 4774 ἅγᾶλλεσθαι.

396 4793 422 4860 ¹)
460 4799 569 4848 Liberae
587 4800 756 4864 reipublicae
776 4801 933 4865 temporibus
947 4801 1056 4850 duorum
1070 4803 1288 4867 amplissimorum
1307 4803 1511 4853 sacerdotiorum
1532 4806 1661 4855 coniunc-

320 4897 405 4939 torum
424 4891 523 4955 aliquot
541 4893 661 4956 exempla
684 4893 795 4942 1111111111
813 4893 900 4943 docuit
919 4893 949 4944 C.
969 4893 1052 4944 Burdt
1070 4893 1111 4944 dic
1130 4893 1243 4944 Priester
1262 4893 1308 4943 der
1326 4896 1381 4944 sier
1399 4909 1505 4961 pressea
1527 4892 1662 4962 0111191111

259 5001 260 5006 ’
321 4997 346 5046 p.
360 4983 404 5032 38.
442 4983 515 5033 Inter
539 4983 669 5033 inferioris
694 4986 785 5035 aetatis
809 4985 896 5035 titulos
921 4986 966 5050 qui
989 4986 1040 5036 duo
1060 5001 1093 5035 ex
1113 4987 1164 5037 illis
1184 4987 1335 5037 sacerdotiis
1354 4969 1493 5036 coniuncta
1511 4989 1661 5052 praebeant

321 5075 506 5125 vetustissimus
530 5091 586 5126 1111
605 5076 705 5126 videtur
728 5077 816 5126 titulus
835 5078 955 5144 Aquinas
975 5078 1005 5128 C.
1026 5077 1126 5129 Octavii
1146 5079 1246 5141 Sabini,
1271 5079 1384 5129 consulis
1403 5079 1531 5129 ordinarii
1552 5095 1579 5131 a.
1595 5083 1658 5142 214,

321 5168 450 5228 pontilicis
469 5175 495 5216 11
513 5168 617 5233 auguris
636 5167 705 5232 (epb.
725 5184 765 5232 ep.
787 5171 811 5230 1,
831 5185 857 5233 p.
874 5169 952 5235 130);
979 5185 1030 5235 quo
1055 5171 1083 5219 111
1102 5171 1177 5220 titulo
1197 5172 1274 5220 etism
1293 5171 1343 5220 hoc
1362 5185 1379 5221 a
1397 5171 1516 5221 sollemni
1536 5173 1598 5237 lege
1617 5187 1658 5222 re·

322 5257 412 5308 cedere
439 5259 509 5324 quod
536 5261 681 5310 sacerdotis
709 5261 761 5311 duo
789 5263 882 5326 copula
903 5269 927 5312 et
954 5263 1140 5328 coniungantur
1168 5251 1521 5328 (PONT1F·ET·AVGVR1)
1553 5267 1658 5316 monuit

322 5347 498 5402 Mommsenus
517 5351 575 5416 eph.
591 5366 631 5418 ep.
649 5352 667 5402 l.
687 5353 704 5402 l.
