3488 5828
515 538 591 588 nux
617 539 782 590 usnam
809 537 1059 590 vmxscnusrs.
1380 519 1448 589 175

122 713 266 787 excipere
297 712 405 781 voluit,
434 712 524 770 veluti
551 713 666 788 praedii
689 731 775 772 usum
796 713 926 772 fructum
949 713 1128 790 similiaque.
1171 712 1383 790 Interpositum
1406 721 1453 770 est

120 814 194 872 loco
221 815 319 872 minus
348 824 417 890 apto
439 815 527 874 -in
553 815 724 874 universum
751 816 828 874 enim
856 817 937 874 valet
965 816 1139 892 videturque
1171 815 1269 891 aptius
1302 815 1451 892 praemitti

120 917 322 975 debuisse-
343 917 379 975 de
406 918 597 994 stipulatione
623 927 826 994 praeceptum,
852 937 942 994 quam
967 919 1177 978 conductorem
1203 937 1271 976 cum
1296 917 1451 976 venditore

121 1020 236 1078 fecisse
258 1029 309 1077 aut
331 1027 410 1078 certe
432 1019 530 1078 facere
551 1021 687 1096 potuisse
709 1021 782 1078 dixi.
826 1021 945 1080 Etenim
968 1022 1049 1096 quod
1067 1022 1273 1081 Mommsenus
1295 1021 1452 1098 proposuit

119 1122 216 1179 huius
242 1122 408 1180 sententiae
429 1123 670 1200 supplementum
691 1127 717 1181 ia
736 1127 893 1198 promittite
916 1143 1096 1200 quamquam
1118 1142 1177 1181 non
1199 1133 1322 1196 certum,
1352 1129 1449 1180 tamen

123 1225 384 1300 simplicissimum
408 1235 463 1283 est.
508 1224 598 1299 Quod
620 1226 756 1302 sequitur
771 1237 960 1304 praeceptum
984 1227 1021 1284 ab
1044 1226 1147 1285 codem
1163 1226 1359 1302 probabiliter
1381 1244 1451 1301 sup·

120 1327 239 1404 pletum
262 1327 357 1384 estin
381 1347 446 1384 eam
469 1327 655 1400 sententiam,
684 1337 715 1387 ut
737 1329 826 1387 etiam
848 1349 925 1404 (puae
951 1329 1062 1388 frustra
1086 1329 1274 1386 inunctione
1298 1328 1453 1386 vendenda

121 1429 284 1505 proposita
309 1437 410 1488 essent
440 1437 470 1488 et
494 1430 574 1488 intra
599 1431 663 1488 dies
694 1431 794 1489 decem
822 1452 928 1489 venum
958 1433 1064 1490 iissent
1090 1451 1126 1489 ea
1153 1431 1336 1500 condicione,
1362 1447 1451 1506 quam

121 1551 194 1590 cum
210 1531 389 1590 conductore
411 1532 571 1608 stipulatus
594 1543 657 1590 erat
672 1534 817 1606 venditor,
840 1554 857 1590 a
875 1538 1055 1592 centesimae
1078 1517 1226 1592 solutione
1248 1552 1308 1590 non
1331 1533 1452 1590 liberari

121 1633 310 1704 iuberentur3
339 1635 370 1692 id
399 1635 479 1710 quod
505 1635 536 1692 iu
563 1635 733 1693 universum
760 1636 890 1695 valuisse
917 1636 1071 1712 probabile
1098 1645 1152 1694 est.
1196 1633 1275 1694 Saue
1302 1636 1332 1692 in
1355 1636 1452 1709 capite

122 1735 208 1810 quod
230 1736 366 1811 sequitur
386 1736 423 1795 de
445 1740 605 1814 praeconio
633 1739 730 1796 simile
753 1749 940 1814 praeceptum
967 1739 1044 1796 redit
1065 1738 1107 1814 (v.
1125 1740 1187 1814 17).
1231 1739 1267 1795 In
1293 1737 1351 1794 fine
1373 1739 1452 1814 capi-

121 1838 167 1896 tis
188 1839 306 1896 demum
329 1839 422 1898 multa
443 1839 525 1916 dupli
549 1841 682 1898 solvendi
705 1827 871 1911 ei'dicitur‚
899 1842 950 1917 qui
973 1841 1060 1900 tridui
1084 1842 1213 1918 spatium
1238 1839 1380 1898 solvendo
1403 1840 1452 1899 hio

120 1949 159 1998 ut
180 1940 250 1998 alibi
272 1941 464 1999 constitutum
488 1961 547 2000 non
570 1945 740 2001 servaverit.

209 2043 373 2102 ductiones
401 2045 516 2102 institui
543 2065 601 2103 non
630 2047 765 2121 potuisse
791 2047 854 2104 sine
881 2047 1000 2117 indicio,
1033 2047 1112 2123 quod
1139 2067 1192 2123 per
1221 2063 1386 2122 praecones
1413 2045 1451 2102 ad
1465 2052 1491 2100 11
1506 2051 1592 2116 Scrip-

122 2145 183 2202 hoc
205 2147 356 2222 negotium
380 2147 520 2224 legitime,
544 2157 576 2204 ut
599 2148 744 2221 videntur,
767 2151 966 2208 exercendum
992 2149 1158 2209 destinatos
1185 2151 1215 2207 in
1243 2149 1362 2224 publico
1385 2167 1452 2223 pro·
1494 2143 1566 2182 ‘⁰1²⁰

121 2249 258 2324 positum
274 2259 363 2318 esset,
387 2259 614 2318 consentanenm
630 2260 720 2310 estet
735 2253 955 2311 demonstratur
976 2253 1122 2329 frequenti
1138 2271 1316 2330 praeconum
1333 2251 1364 2308 in
1386 2250 1452 2308 tali·

122 2351 184 2408 bus
200 2351 328 2427 negotiis
345 2353 500 2409 mentione.
529 2353 636 2429 Itaque
650 2356 842 2432 praeconium
859 2374 924 2413 cum
941 2356 1133 2430 stipulatione
1149 2355 1318 2430 argentaria
1332 2352 1452 2426 vinculo

121 2453 297 2511 necessario
320 2455 508 2513 coniunctum
536 2473 591 2513 suo
614 2456 680 2514 loco
702 2457 875 2515 conductori
904 2458 952 2514 bic
980 2458 1073 2515 locari
1096 2459 1241 2516 videmus.
1287 2455 1346 2529 Qui
1369 2475 1453 2532 prae-

122 2555 245 2613 conium
261 2555 414 2628 conduxit,
437 2577 526 2615 unum
542 2559 696 2616 minimum
718 2560 796 2617 intra
817 2561 892 2618 fines
908 2560 1020 2618 metalli
1042 2578 1220 2636 praeconem
1242 2561 1385 2636 praebere
1408 2559 1452 2614 iu·

1463 2219 1594 2282 praeconii

1472 2317 1495 2349 v.
1505 2303 1584 2350 10-18

124 2659 221 2716 betur.
266 2659 381 2717 Merces
404 2661 554 2734 praeconii
577 2660 668 2735 (illud
690 2662 767 2718 enirn
788 2661 965 2719 vocabulum
986 2662 1035 2718 hic
1050 2663 1180 2720 maxime
1202 2661 1312 2736 requiri
1334 2671 1454 2735 practer

122 2761 189 2818 alia
209 2761 299 2819 ctiam
327 2761 458 2820 codicilli
480 2762 655 2839 Pompeiani
677 2763 818 2838 probant)
845 2783 883 2821 ex
906 2763 1082 2822 venditionis
1109 2763 1206 2821 reditu
1229 2764 1281 2838 qui
1303 2763 1381 2820 inira
1403 2762 1453 2819 de-

123 2863 227 2922 narios
256 2873 373 2922 centnm
403 2865 459 2922 erit
487 2864 718 2941 (quinquaginta
745 2866 822 2924 enim
854 2883 995 2924 numerus
1029 2866 1081 2942 qui
1110 2866 1236 2924 traditur
1266 2865 1381 2922 videtur
1407 2885 1453 2923 er-

123 2966 189 3023 rori
210 2967 394 3042 quadratarii
416 2967 527 3038 deberi,
550 2967 691 3042 quoniam
714 2968 816 3025 desis
840 2987 917 3044 quae
943 2968 1012 3043 plus
1034 2967 1250 3044 quinquaginta
1276 2967 1328 3025 sed
1356 2967 1452 3024 minus

123 3077 245 3127 centum
267 3069 408 3128 denarios
431 3069 645 3144 produxissent
668 3079 729 3127 tum
750 3071 870 3128 omnino
893 3071 968 3127 nibil
991 3081 1135 3128 statutum
1158 3070 1251 3144 esset)
1275 3069 1453 3128 centesimae

123 3170 212 3241 duae,
235 3171 286 3246 qui
310 3191 412 3246 supra,
434 3172 596 3230 centesima
617 3191 636 3230 a
658 3172 812 3230 venditore
835 3173 979 3231 solvenda
1000 3181 1056 3230 est.
1100 3172 1147 3230 De
1168 3172 1324 3249 mancipiis
1347 3191 1453 3230 venum

123 3273 205 3331 datis
227 3292 282 3350 pro
304 3274 439 3332 mercede
455 3275 605 3350 praeconii
628 3275 836 3350 capitularium
851 3275 981 3352 exigitur
1003 3276 1166 3334 secundum
1182 3294 1334 3333 numerum
1351 3293 1453 3332 eorum

124 3375 290 3447 diversum,
317 3376 354 3434 de
380 3375 508 3452 quinque
534 3377 685 3435 minoreve
712 3397 835 3436 numero
862 3377 976 3436 denarii
1001 3378 1130 3456 fortasse
1157 3377 1253 3454 quini,
1281 3377 1317 3436 de
1340 3377 1454 3436 maiore

124 3497 251 3536 numero
273 3479 358 3536 terni.
404 3475 549 3538 Similiter
563 3479 600 3536 de
621 3479 709 3537 mulis
732 3480 826 3538 asinis
849 3481 934 3556 equis
956 3481 1109 3556 utriusque
1132 3497 1223 3538 sexus
1247 3481 1454 3555 capitularium

124 3581 269 3656 praeconi
291 3580 464 3640 solvendum
487 3591 534 3638 est
553 3581 707 3640 denarium
731 3582 930 3658 singulorum3
953 3583 1034 3660 quod
1055 3593 1246 3660 praeceptum
1268 3583 1333 3640 loco
1355 3583 1453 3640 minus

125 3693 199 3759 apto
221 3683 300 3741 infra
320 3691 389 3760 post
410 3683 469 3746 alia
491 3683 610 3741 additur
632 3683 675 3759 (v.
693 3683 754 3760 17).
798 3683 904 3761 Neque
924 3686 1085 3761 quidquam
1105 3695 1246 3755 mutatur,
1269 3685 1362 3760 siquis
1385 3703 1454 3742 auc·

125 3785 210 3842 tione
240 3803 299 3842 non
330 3785 469 3843 instituta
499 3803 574 3861 quae
601 3805 654 3861 per
683 3805 860 3860 praeconem
888 3787 1042 3845 vendenda
1067 3795 1264 3864 proposuerat
1290 3787 1369 3844 intra
1390 3786 1453 3843 dies

123 3887 249 3962 triginta
271 3907 307 3944 ea
328 3886 501 3945 condicione
515 3888 656 3958 vendidit,
680 3907 768 3963 quam
789 3908 855 3946 curn
879 3907 1025 3964 praecone
1049 3889 1211 3964 stipulatus
1234 3898 1306 3946 erat.
1351 3886 1454 3947 Simile

124 3997 318 4065 praeceptum
349 4007 441 4064 snpra
468 3989 624 4048 habuimus
651 3991 681 4046 in
710 3991 903 4066 stipulatione
929 3991 1097 4066 argentaria
1119 3990 1160 4066 (v.
1178 3991 1220 4065 6).
1265 3989 1367 4066 Siquis
1390 3991 1454 4048 sinc

126 4109 276 4167 praecone
303 4091 416 4166 aliquid
441 4091 626 4150 vendendum
656 4093 744 4150 offert
768 4093 936 4151 inventario
964 4093 1082 4170 publice
1108 4093 1258 4164 exhibito,
1291 4091 1454 4150 conductor

126 4193 279 4270 praeconii
301 4194 456 4252 denarium
478 4213 568 4252 unum
592 4197 629 4253 ab
652 4214 687 4252 eo
710 4195 827 4270 accipit.

211 4295 411 4370 Interpositae
437 4305 507 4354 sunt
533 4297 702 4372 praeceptis
729 4298 790 4369 his,
825 4285 963 4374 quae'de
990 4299 1150 4376 praeconio
1177 4299 1207 4355 in
1234 4299 1454 4358 venditionibus

125 4397 251 4474 privatis
273 4399 384 4470 valent,
410 4399 603 4475 exceptiones
631 4399 746 4458 similes
769 4419 871 4457 earum
894 4419 969 4476 quas
996 4401 1027 4459 in
1049 4402 1145 4476 primo
1168 4402 1264 4478 capite
1287 4403 1453 4472 habuimus,

127 4499 243 4558 scilicet
264 4509 432 4578 spectantes
455 4502 493 4558 ad
514 4501 701 4560 venditiones
724 4523 742 4560 a
763 4513 955 4578 procuratore
976 4503 1162 4561 metallorum
1188 4505 1350 4562 institutas.
1394 4505 1454 4562 Pu·

126 4612 241 4660 teerum
264 4611 381 4679 emptor
407 4604 599 4662 centesimam
628 4603 743 4662 solvere
771 4605 858 4663 debet
885 4606 1060 4664 conductori
1082 4605 1123 4679 (v.
1141 4607 1193 4683 15)
1221 4607 1301 4664 intra
1326 4607 1454 4665 triduum

126 4705 183 4763 sub
206 4721 304 4779 poena
326 4703 408 4781 dupli
430 4705 566 4763 solvendi
588 4705 819 4782 conductorique
844 4707 979 4784 pignoris
1006 4709 1106 4784 captio
1132 4708 1161 4765 in
1184 4727 1252 4766 enm
1275 4709 1454 4767 conceditur.

126 4807 212 4864 Haec
238 4824 356 4882 qnoque
382 4808 460 4865 infra
486 4809 516 4866 in
544 4807 693 4865 similibus
720 4809 798 4866 redit
825 4808 866 4884 (v.
884 4809 922 4866 34
949 4811 990 4868 40
1012 4811 1066 4886 45)
1095 4809 1197 4868 addita
1223 4811 1315 4868 semel
1342 4810 1384 4884 (v.
1401 4812 1454 4885 41)

125 4909 188 4967 alia
213 4909 308 4967 multa
335 4909 365 4966 in
392 4929 458 4968 eum
486 4909 656 4980 constituta,
684 4911 735 4985 qui
761 4911 895 4987 pignoris
923 4913 1088 4994 captionem
1115 4913 1309 4988 prohibuerit.
1353 4911 1395 4970 Ut
1417 4933 1455 4971 ex

126 5011 223 5086 pretio
249 5019 405 5085 puteorum
436 5031 510 5088 quos
538 5021 714 5088 procurator
747 5013 846 5071 vendit
872 5015 1035 5072 cerrtesima
1063 5025 1115 5072 aut
1142 5014 1224 5072 nulla
1249 5015 1378 5090 exigitur
1404 5025 1455 5073 aut

126 5114 165 5172 ab
188 5123 331 5189 emptore,
352 5114 394 5172 ita
414 5113 595 5190 reliquarum
617 5134 715 5172 rerum
739 5115 959 5174 venditionibus
986 5116 1224 5176 locationibusve
1254 5118 1291 5174 ab
1313 5135 1349 5172 en
1371 5116 1454 5175 insti·
