3488 5828
112 1773 391 1888 sinuosis
416 1773 912 1890 INSGRIPTIONVM
936 1773 1368 1888 subruuntur.

607 1945 648 2022 (v.
671 1946 792 2006 Tabula
812 1945 861 2020 11)

658 2114 812 2123 —..—

72 2142 243 2310 Syllogen
264 2235 494 2312 inscriptionum
515 2235 720 2308 Urbanorum,
750 2237 835 2294 cuius
858 2235 997 2293 volumen
1024 2234 1152 2312 primum
1174 2253 1250 2294 nunc
1280 2234 1401 2310 prodiit,

69 2353 130 2392 non
152 2336 288 2411 potuisse
310 2356 371 2394 non
392 2337 435 2395 eis
456 2337 575 2414 legibus
597 2357 712 2414 parare,
734 2356 811 2414 quae
833 2339 927 2396 totins
948 2336 1092 2414 Corporis
1113 2338 1209 2414 copiis
1233 2336 1401 2412 digerendis

70 2437 222 2512 sapienter
244 2439 341 2498 dictae
363 2450 442 2510 sunt,
464 2440 522 2498 hoc
544 2449 589 2498 ast
611 2449 644 2496 ut
665 2441 696 2498 in
717 2449 819 2516 partes
842 2458 994 2498 sacrarum
1016 2440 1202 2516 publicarum
1218 2440 1402 2516 privatarum

69 2538 311 2611 discriberentur,
338 2541 469 2600 omnium
497 2559 647 2600 consensu
675 2541 764 2600 facile
794 2543 1012 2616 comprobetur.
1055 2541 1148 2599 nihilo
1178 2551 1279 2600 tamen
1304 2541 1402 2598 minus

68 2660 107 2698 ea
133 2651 180 2700 est
206 2643 294 2701 buius
321 2644 495 2718 provinciae
523 2643 660 2702 condicio
688 2662 706 2700 a
733 2651 899 2702 ceterarum
921 2642 974 2701 illa
996 2642 1077 2701 baud
1099 2643 1208 2720 exiguo
1230 2643 1402 2701 discrimine

68 2743 200 2817 diversa,
227 2755 261 2802 ut
281 2763 370 2823 aegre
393 2763 547 2805 careamus
569 2746 702 2804 locorum
725 2745 920 2822 discriptione
947 2745 998 2803 ubi
1025 2755 1078 2802 aut
1098 2744 1236 2820 primitus
1259 2745 1328 2802 illae
1351 2763 1402 2802 ex-

66 2846 183 2904 titerint
209 2857 261 2905 aut
287 2857 423 2924 repertae
450 2849 519 2906 sint.
563 2849 611 2906 cni
639 2847 786 2906 desiderio
812 2847 883 2905 licet
913 2847 1015 2923 aliqua
1045 2865 1083 2904 ex
1115 2855 1200 2921 parte
1234 2847 1308 2904 satis
1338 2847 1404 2904 fieri

67 2965 160 3022 possa
182 2948 285 3007 addito
307 2949 404 3008 indice
426 2950 644 3028 topographico
666 2969 725 3007 non
748 2949 920 3027 negaverim
936 2948 1020 3006 —id
1042 2947 1122 3025 qnod
1141 2948 1231 3006 audio
1250 2950 1281 3005 in
1302 2949 1401 3006 anirno

67 3066 138 3108 esse
159 3050 203 3108 eis
226 3051 334 3126 quibus
356 3051 535 3129 profligandi
557 3052 656 3127 operia
676 3070 747 3109 cura
762 3051 940 3110 demandata
961 3061 1062 3110 est-
1078 3060 1178 3109 tamen
1200 3050 1253 3110 tali
1275 3051 1402 3109 consilio

66 3171 167 3227 neque
196 3169 335 3228 umquam
365 3173 412 3213 me
438 3153 535 3213 iudice
561 3154 636 3213 satis
663 3155 818 3212 commode
850 3153 1067 3230 topographiae
1093 3154 1201 3211 studiis
1233 3153 1403 3212 consultum

67 3255 127 3312 erit
153 3272 249 3329 neque
271 3273 343 3313 vero
370 3255 477 3314 horum
505 3256 673 3316 studiorum
699 3275 776 3332 quae
804 3255 923 3332 quidem
946 3275 1025 3314 nunc
1049 3265 1097 3314 est
1118 3255 1295 3314 acceleratio
1319 3273 1402 3330 spem

68 3373 127 3414 nos
150 3357 262 3432 patitur
282 3357 425 3416 incohare
446 3357 578 3436 longam,
601 3357 671 3417 dum
688 3369 786 3417 cetera
807 3359 940 3436 sylloges
954 3359 1107 3416 volumina
1129 3359 1265 3434 quamvis
1287 3358 1404 3417 intenta

68 3476 164 3533 opera
189 3477 243 3534 per
268 3478 363 3518 annos
390 3478 451 3518 non
477 3479 590 3536 paucos
619 3461 704 3537 prela
729 3461 920 3519 exercebunt.
969 3477 1062 3536 quare
1094 3478 1183 3536 spero
1213 3461 1277 3518 lore
1305 3469 1338 3518 ut
1366 3462 1403 3532 si,

68 3578 161 3634 quarn
177 3560 249 3618 mihi
271 3561 331 3636 ipsi
354 3569 494 3637 tunquam
510 3562 710 3621 necessarium
730 3562 946 3639 topographiae
967 3561 1025 3619 fori
1039 3563 1154 3620 romani
1176 3562 1404 3622 fundumentum

69 3661 170 3720 struxi
197 3661 362 3720 Sruroosu
391 3662 642 3723 luscsrrrronvn
668 3663 746 3723 Foru
773 3665 921 3733 Roaiam,
948 3683 1027 3722 nunc
1052 3664 1164 3741 publici
1192 3665 1267 3722 iuris
1292 3665 1404 3736 fecero,

68 3783 108 3822 ea
133 3763 222 3822 etium
251 3753 377 3823 aliorum
405 3765 512 3824 studiis
539 3765 658 3824 interim
677 3797 718 3807 ——
733 3784 801 3823 nam
830 3765 1009 3840 particulam
1038 3765 1169 3840 aliquam
1196 3767 1296 3842 operis
1323 3775 1404 3844 post-

67 3865 161 3923 modo
188 3865 351 3940 ampliandi
380 3867 505 3925 tractavi
528 3899 567 3909 -
590 3867 747 3943 profutura
770 3867 818 3925 sit.
863 3868 916 3926 sed
937 3866 974 3925 de
996 3867 1122 3925 consilio
1145 3885 1211 3924 meo
1233 3867 1404 3942 quibusque

68 3985 127 4043 ego
150 3967 328 4026 adiumentis
350 3968 514 4028 instructus
537 3969 646 4027 luerim
668 3969 775 4044 paucis
798 3969 910 4044 accipe.

154 4069 279 4128 Ultimis
306 4071 417 4129 mensis
446 4070 516 4129 Maii
543 4070 707 4148 primisque
734 4070 813 4128 lunii
839 4070 927 4128 huius
956 4090 983 4128 a.
1002 4069 1080 4129 1876
1109 4070 1214 4129 diebus
1236 4070 1352 4128 Romae
1374 4071 1404 4127 iu

68 4171 139 4246 ipso
171 4171 237 4230 loro
270 4173 321 4248 qni
353 4181 414 4230 tum
449 4173 594 4231 extabant
624 4172 727 4230 titulos
760 4190 863 4230 ornnes
895 4172 1051 4249 descripsi.
1096 4172 1173 4230 idem
1199 4173 1311 4230 lecerat
1336 4180 1405 4230 ante

69 4291 120 4330 me
146 4272 193 4330 dd
220 4272 350 4333 19-26
373 4275 485 4332 mensis
508 4273 689 4333 Novembris
714 4294 741 4332 a.
767 4273 846 4332 1875
868 4273 1019 4333 Iohannes
1041 4273 1184 4350 Droysen
1210 4293 1294 4333 mens
1322 4275 1406 4332 cuins

68 4374 247 4450 apographa
267 4384 426 4452 postquam
443 4395 510 4435 cum
524 4377 598 4434 meis
621 4375 744 4447 contuli,
766 4395 834 4435 cum
850 4375 960 4434 multos
981 4376 1098 4453 lapides
1119 4376 1239 4434 interim
1262 4376 1406 4435 aliorsum

68 4475 190 4534 ablatos
218 4494 284 4535 essa
311 4477 539 4553 cognovissem,
566 4479 727 4553 plerosque
754 4487 853 4537 autem
881 4478 912 4534 in
934 4496 1045 4536 nouum
1066 4477 1203 4536 Muscum
1226 4479 1406 4556 lapidarium

68 4576 201 4654 Collegii
224 4577 353 4636 Romani
375 4578 438 4654 (vel
453 4579 551 4638 Musei
566 4579 772 4654 Kircberiani)
795 4581 941 4656 migrasse
963 4579 1106 4651 audirem,
1130 4578 1212 4639 Guil.
1229 4580 1406 4639 Henzcuum

67 4680 210 4758 precibus
233 4679 304 4752 adii,
327 4689 440 4739 utnon
463 4682 560 4740 solum
584 4686 635 4757 qui
659 4682 747 4740 stiam
770 4691 831 4740 tum
853 4683 884 4740 in
905 4682 972 4739 loro
992 4679 1132 4741 extarent
1154 4682 1269 4758 lapides
1292 4701 1406 4740 mecum

65 4781 218 4858 relegeret
244 4801 348 4846 verum
376 4783 464 4841 etiam
492 4802 568 4858 quac
597 4783 638 4842 ibi
666 4803 725 4841 non
757 4793 965 4860 comparerent
990 4785 1022 4842 in
1047 4784 1164 4843 horreis
1192 4784 1289 4842 Musei
1315 4784 1406 4856 illius,

65 4949 277 4960 ..——.——-.

152 5072 176 5139 ¹)
213 5075 337 5125 Formam
362 5074 413 5124 lori
437 5074 539 5124 romani
565 5075 630 5125 scito
650 5089 690 5124 me
714 5075 798 5140 ipsum
819 5075 963 5125 delineasse
982 5074 1015 5125 ud
1034 5073 1214 5124 illustrandam
1234 5071 1301 5122 banc
1320 5071 1405 5136 Syllo-

65 5182 131 5233 gen,
166 5182 218 5217 non
247 5183 298 5234 quo
329 5167 468 5232 imaginem
497 5167 664 5232 reliquiarum
693 5168 743 5217 lori
775 5167 915 5231 perlectam
940 5175 966 5215 at
993 5167 1027 5217 ad
1056 5167 1118 5216 artis
1141 5179 1259 5216 normam
1289 5171 1407 5214 exactum

63 5260 184 5312 ederem.
411 5255 414 5262 '

1167 5347 1202 5405 l‘l
