3496 5828
341 512 387 581 82
914 530 1097 584 uounsau

340 705 509 763 sacerdotia
536 704 663 778 primurn
692 705 789 762 Iocum
818 705 963 774 obtinent,
992 705 1046 763 sed
1073 715 1296 781 praeponuntur
1323 703 1380 782 ipsi
1408 704 1539 763 curatori
1571 714 1677 780 utpote

241 797 243 802 ⁵
340 807 427 866 electi
450 825 507 864 non
531 806 568 864 ab
591 807 704 876 ordine,
734 806 785 863 sed
813 827 831 863 a
853 807 981 865 concilio
1011 808 1182 882 provinciae
1206 807 1364 865 accedente
1387 807 1520 864 fortasse
1543 808 1677 864 auctori·

340 919 401 967 tate
422 907 570 984 praesidis
593 909 773 984 provinciae.
818 907 974 984 Dignitate
996 928 1050 967 eos
1071 929 1131 967 uon
1154 909 1277 967 multum
1301 909 1395 966 fuisse
1418 910 1496 966 iufra
1518 919 1677 967 senatores

341 1012 507 1068 luculenter
534 1020 659 1085 apparet
686 1011 774 1067 etiam
804 1029 842 1068 ex
871 1011 975 1085 poenis
1004 1011 1124 1069 inflictis
1153 1010 1265 1069 Donati
1293 1014 1490 1070 sectatoribus
1519 1011 1677 1068 Africanis

341 1114 380 1171 ab
402 1112 537 1170 Honorio
565 1112 744 1186 imperatore
772 1110 862 1187 (cod.
885 1113 943 1170 Th.
969 1114 1017 1182 16,
1034 1112 1126 1183 5,5t.
1151 1113 1216 1188 54),
1244 1133 1311 1171 narn
1339 1123 1547 1189 exaequantur
1569 1117 1610 1174 ibi
1635 1136 1679 1174 ae·

340 1224 456 1272 actores
478 1224 508 1271 et
529 1214 728 1284 sacerdotales,
755 1222 920 1290 sequuntur
947 1213 1036 1292 longo
1063 1215 1222 1273 intervallo
1244 1217 1424 1291 principales
1452 1227 1481 1276 et
1508 1219 1678 1278 denariam

342 1317 398 1386 vel,
427 1327 459 1374 ut
480 1324 527 1374 est
548 1317 578 1372 in
602 1317 697 1374 altera
720 1317 796 1392 Iege,
823 1318 916 1375 decern
934 1321 1024 1392 primi
1045 1318 1168 1375 camales
1190 1327 1220 1374 et
1241 1317 1346 1393 reliqui
1367 1321 1540 1377 demerioaea.
1585 1319 1679 1393 Quod
1733 1379 1735 1382 ,

343 1419 369 1476 si
390 1429 470 1477 recte
488 1418 543 1476 riri
566 1418 645 1475 docti
668 1427 803 1476 statuunt
824 1419 854 1476 In
877 1419 1005 1495 singulis
1021 1420 1184 1496 provinciis
1208 1421 1343 1495 sIngulos
1367 1423 1537 1479 sacerdotes
1556 1441 1677 1480 annuos
1702 1447 1735 1484 ε

341 1531 457 1578 creatos
485 1538 552 1578 esse
580 1538 675 1594 eoque
704 1520 872 1578 sacerdotio
894 1521 1012 1579 functos
1040 1521 1241 1579 sacerdotales
1269 1523 1426 1599 appellari,
1459 1542 1532 1581 casu
1559 1525 1675 1582 facturn
1696 1551 1735 1585 ε

343 1635 398 1692 est,
426 1623 507 1697 quod
531 1624 589 1680 duo
612 1622 660 1680 hic
682 1623 854 1698 provinciae
877 1623 1034 1680 universae
1057 1623 1227 1681 sacerdotes
1250 1624 1279 1682 in
1302 1625 1406 1682 ordine
1429 1624 1735 1701 Thamugadensiffa

342 1726 539 1800 reperiuntur.

427 1826 454 1883 7.
492 1830 626 1902 staminea
646 1831 777 1901 perpetui
798 1836 1023 1901 postponuntur
1045 1826 1188 1896 duoviris,
1216 1837 1437 1903 anteponuntur
1466 1829 1735 1888 sacerdotibusffl

344 1930 627 2006 magistratibusque
650 1929 785 1987 coloniae
807 1927 932 2004 reliquis
955 1929 1103 1986 omnibus.
1148 1927 1224 1988 Sunt
1248 1948 1352 1988 omnes
1375 1950 1497 1988 numero
1519 1931 1735 1988 XXXVII

343 2053 378 2090 ex
401 2032 510 2107 quibus
533 2030 662 2088 XXXII
689 2029 732 2104 (1,
750 2029 871 2100 23-2,
890 2030 942 2105 15)
969 2030 1061 2088 alium
1089 2031 1232 2089 honorem
1256 2033 1372 2090 nullum
1395 2033 1563 2104 enuntiant,
1593 2043 1733 2109 quat-1

343 2142 411 2191 tuor
432 2133 539 2208 reliqui
562 2141 681 2206 praeter
702 2130 875 2189 flamonium
899 2143 951 2190 aut
974 2141 1165 2209 patronatum
1191 2134 1332 2192 minorem
1355 2136 1465 2192 habent
1486 2135 1530 2207 (l,
1550 2135 1604 2210 13)
1629 2147 1735 2193 autm

344 2236 543 2292 sacerdotium
565 2234 736 2310 proviaciae
759 2233 801 2308 (1,
820 2233 872 2308 17)
895 2242 946 2292 aut
967 2254 1068 2292 curam
1091 2237 1133 2293 rei
1157 2236 1295 2310 publicae
1318 2237 1361 2311 (l,
1379 2236 1431 2311 19)
1457 2246 1509 2294 aut
1533 2236 1574 2311 (si
1599 2245 1735 2294 recto]

344 2338 420 2412 vidi)
442 2337 632 2394 duoviratum
656 2336 699 2411 (l,
717 2333 778 2412 22).
829 2337 956 2394 Accedit
982 2337 1008 2394 is
1032 2337 1078 2395 cui
1106 2337 1210 2395 titulus
1239 2339 1392 2396 dedIcatur
1413 2351 1443 2396 et
1470 2341 1538 2414 ipse
1568 2340 1735 2396 flemene

344 2449 513 2514 perpetuus.
559 2435 717 2513 Singulare
744 2449 800 2507 est,
827 2440 908 2513 quod
935 2459 972 2496 ne
999 2439 1036 2496 iis
1063 2439 1181 2514 quidem
1207 2439 1388 2512 flaminibus,
1417 2445 1468 2514 qui
1490 2459 1550 2497 uno
1573 2441 1735 2498 ordinn

345 2540 579 2616 perscribuntur,
608 2541 760 2598 flaminum
784 2549 993 2616 perpetuorum
1017 2541 1107 2600 index
1133 2542 1356 2618 praescribitur,
1385 2551 1417 2600 ut
1438 2544 1471 2600 fit
1496 2542 1526 2599 in
1552 2542 1733 2617 reliquisi

344 2643 440 2700 tribus
469 2643 658 2700 sacerdotum
687 2641 852 2713 ordinibus,
875 2643 927 2700 sed
955 2643 1081 2718 singulis
1114 2644 1285 2702 hominibus
1312 2643 1510 2702 sacerdotium
1540 2645 1735 2703 adicitur-12

344 2745 435 2802 Recte
468 2744 499 2800 id
532 2744 560 2801 ni
594 2743 683 2801 fallor
708 2745 924 2816 Wilmaunsius
957 2745 987 2802 in
1020 2745 1128 2803 litteris
1161 2765 1197 2804 co
1230 2747 1395 2815 revocavit,
1429 2746 1508 2822 quod
1538 2745 1735 2805 flaminem=

346 2847 474 2924 singulis
502 2846 566 2904 deis
593 2845 708 2904 divisae
730 2847 919 2922 potissimum
943 2847 1052 2904 addicti
1081 2856 1151 2905 sunt
1176 2867 1273 2923 neque
1301 2848 1343 2905 ita
1364 2849 1523 2923 collegium
1547 2849 1735 2907 efficiunn

346 2961 377 3006 ut
399 2949 554 3024 pontifices
578 2966 775 3025 auguresque,
804 2967 994 3024 quamquam,
1022 2950 1048 3006 si
1075 2957 1155 3006 recte
1182 2951 1300 3007 titulum
1330 2949 1489 3023 (edendum
1514 2950 1735 3025 aliquanti-E

346 3053 375 3107 iu
405 3051 461 3106 vol.
486 3049 559 3105 VIII
586 3070 614 3106 u.
633 3049 705 3124 782)
735 3050 951 3107 Wilmannsius
981 3052 1124 3126 explevit,
1153 3051 1327 3126 [colleplalm
1347 3055 1500 3126 flatainam
1524 3064 1735 3127 perpetuo:

345 3171 408 3208 runa
431 3153 542 3227 Apisae
567 3155 684 3210 scalaria
707 3152 920 3209 Valentiniano
946 3152 1120 3211 Theodosio
1143 3154 1333 3228 Arcadioque
1361 3163 1488 3210 statuam
1517 3153 1723 3213 dedicavi}

347 3253 435 3326 Quod
457 3254 528 3310 olim
551 3255 733 3311 coniecimus
756 3253 977 3312 Hirschfeldius
998 3255 1031 3326 (I.
1054 3273 1078 3312 c.
1102 3275 1130 3330 p.
1148 3255 1201 3331 54)
1224 3265 1253 3312 et
1276 3273 1331 3333 ego
1354 3257 1383 3313 in
1407 3255 1579 3330 munipriis
1601 3257 1735 3316 Ait-1*

346 3356 429 3413 cauis
452 3355 588 3430 singulos
611 3357 747 3412 flamines
769 3355 929 3429 quotannis
952 3367 1068 3414 creatos
1091 3375 1159 3414 esse
1181 3376 1276 3430 eoque
1299 3357 1438 3414 flamonio
1461 3377 1561 3414 annuo
1586 3359 1735 3416 fune)

347 3476 414 3514 cum
438 3457 565 3513 bonores
586 3458 662 3532 gesti
691 3457 850 3514 sacerdotii
874 3458 905 3515 in
932 3469 1105 3534 perpetuum
1136 3459 1306 3529 retinerent,
1335 3477 1386 3516 eos
1413 3459 1583 3534 appellatos
1612 3477 1667 3516 εει·
1709 3487 1735 3516 .-

347 3559 481 3617 flamines
508 3570 680 3634 perpetuos,
708 3559 786 3616 haud
813 3560 875 3617 scio
902 3579 940 3616 an
970 3561 1024 3617 boc
1051 3560 1137 3617 tit-ulo
1161 3562 1282 3618 invento
1311 3561 1498 3619 abiciendum
1523 3562 1579 3629 sit;
1610 3583 1733 3621 na-

348 3663 404 3719 nisi
427 3660 586 3742 admodum
609 3671 712 3718 tenera
734 3669 830 3718 aetate
853 3661 881 3718 id
904 3662 1102 3719 sacerdotium
1126 3664 1263 3730 dabatur,
1293 3663 1335 3719 ita
1361 3680 1500 3720 numerus
1524 3664 1735 3724 flaminttzu

347 3771 557 3838 perpetuorum
584 3764 703 3838 qualem
727 3763 774 3819 bic
798 3763 932 3821 videmus
955 3763 1006 3821 vin
1030 3765 1106 3821 effici
1130 3765 1234 3838 potuit.
1279 3765 1354 3821 Mihi
1381 3766 1441 3821 iam
1464 3765 1559 3840 magis
1582 3765 1734 3840 plazze

347 3864 383 3921 de
412 3882 472 3938 quo
501 3865 572 3921 olim
595 3882 715 3939 quoque
742 3865 870 3940 cogitavi
893 3865 935 3940 (v.
963 3867 1042 3940 apud
1065 3866 1299 3924 Hirschfeldium
1322 3886 1350 3940 p.
1367 3865 1422 3938 47)
1449 3865 1578 3940 singulis
1602 3866 1735 3925 divis

347 3966 483 4041 singulos
510 3965 644 4023 flamines
670 3975 830 4040 perpetuos
858 3967 944 4024 datos
974 3985 1055 4038 esse3
1084 3987 1152 4025 nam
1181 3977 1277 4024 aetate
1300 3967 1468 4025 Constantii
1495 3968 1543 4025 vel
1567 3968 1730 4025 Iuliani

348 4067 486 4124 videntur
508 4066 600 4125 luisse
623 4068 683 4124 divi
706 4087 828 4125 numero
850 4068 967 4126 circiter
990 4069 1193 4144 xxxvl11).
1226 4099 1227 4104 κ

432 4167 530 4226 Notae
553 4186 589 4226 ax
612 4184 652 4226 ετ
675 4169 845 4246 adscriptae
871 4171 1040 4228 flaminibus
1068 4171 1184 4228 duobus
1213 4171 1321 4246 (1,33.
1345 4171 1399 4245 34)
1426 4191 1491 4228 cum
1519 4171 1592 4229 alibi
1619 4185 1715 4226 rnou

349 4279 550 4346 compareant,
573 4271 794 4347 componendae
818 4273 954 4330 videntur
975 4292 1042 4329 cum
1066 4273 1145 4330 notis
1169 4273 1320 4331 titulorum
1344 4273 1469 4330 duorum
1492 4284 1710 4348 repertorum

350 4476 553 4483 ——.-.—--

427 4635 451 4696 ¹)
471 4635 577 4688 Scilicet
596 4651 653 4684 cum
673 4650 697 4684 a.
720 4637 772 4684 224
792 4636 845 4684 diri
865 4635 966 4700 publice
985 4637 1130 4685 colerentur
1150 4651 1256 4686 numero
1276 4637 1364 4700 viginti
1386 4633 1559 4696 (Stactarecltt
1578 4638 1602 4696 2,
1617 4625 1698 4683 769·

351 4705 422 4788 780),
443 4736 533 4791 postea
552 4735 714 4776 accesserunt
732 4727 844 4787 Dumna,
870 4728 968 4788 Maesa,
988 4728 1147 4788 Alexander,
1169 4728 1316 4778 Gordianus
1336 4729 1386 4788 III,
1408 4729 1513 4788 Decius,
1529 4728 1696 4780 Saloninus

350 4821 491 4880 Gallienus,
513 4819 649 4880 Claudius,
671 4821 842 4880 AureIIanus,
862 4820 976 4879 Probus,
998 4817 1093 4880 Carus,
1114 4821 1299 4880 NumerIanus,
1322 4819 1488 4877 Constantius
1502 4822 1529 4880 I,
1550 4815 1698 4870 caterina

350 4911 533 4961 Constantiana
546 4912 568 4970 I,
594 4918 623 4958 ut
646 4911 710 4960 fiant
734 4911 845 4975 quinque
865 4918 890 4960 et
909 4913 1022 4976 triginta.
1060 4913 1180 4962 Aliarum
1200 4911 1361 4976 quarundam
1384 4912 1607 4961 consecrationum
1626 4908 1700 4957 ΦΕ·

349 5005 458 5052 moriam
483 5003 510 5051 in
535 5003 645 5052 exilibus
670 5003 745 5052 huius
769 5003 860 5052 aetatis
883 5005 1019 5054 annalibus
1049 5005 1190 5054 desiderari
1214 5011 1414 5053 consentancum
1441 5012 1486 5064 est,
1515 5019 1561 5052 nec
1589 4987 1703 5052 de5⁸¹¹¹t

350 5097 394 5158 qui
412 5101 546 5158 praeterea
569 5101 637 5142 recte
662 5095 805 5144 consecrari
830 5096 969 5158 potuerint,
993 5105 1022 5146 ut
1046 5105 1104 5146 sunt
1126 5098 1254 5157 Mamaea,
1282 5097 1408 5146 Gordiani
1432 5097 1530 5160 primus
1555 5089 1705 5156 alterq¹²²‘

349 5188 464 5246 Tacitus,
485 5187 672 5236 Diocletianus.
