3488 5828
549 499 623 548 nux
650 497 817 548 massam
844 497 1097 549 vmascurvsrs.
1422 483 1492 552 185

246 675 333 749 Quod
362 674 423 732 ludi
455 673 590 749 magistri
619 671 715 748 capite
743 671 799 728 lroc
825 671 892 728 loco
920 671 994 729 satis
1022 671 1218 743 incommode,
1246 679 1277 730 ut
1304 691 1394 749 supra
1421 675 1493 747 dixi,
1538 692 1605 741 vm

159 781 197 838 de
219 778 415 837 conductione
437 775 586 834 locatione
608 792 730 851 operum
753 773 968 832 metallicorum
991 775 1159 851 praeceptis
1182 775 1361 852 interposito
1385 793 1403 832 a
1424 795 1493 851 pro·
1537 775 1603 824 Ludi

158 889 296 942 curatore
312 879 502 938 metallorum
524 877 661 935 dicuntur
683 875 832 934 immunes
855 894 932 948 esse,
954 875 985 933 id
1008 885 1086 934 recte
1108 877 1172 934 sine
1195 877 1283 936 dubio
1306 897 1325 935 a
1342 877 1492 936 Momm·
1512 858 1627 921 magistri

160 1003 248 1044 seno
270 983 301 1042 in
323 981 515 1040 adnotatione
538 979 738 1054 intraposita
760 987 965 1055 comparatum
988 987 1034 1036 cst
1054 996 1121 1036 cum
1142 985 1214 1036 nota
1232 980 1492 1056 grammaticorum
1531 956 1554 990 ν’
1570 941 1604 990 ⁵9

160 1107 179 1145 a
201 1086 373 1146 muneribus
401 1083 529 1162 publicis
555 1082 585 1139 in
612 1081 784 1157 municipiis
807 1080 954 1139 libertate.
999 1077 1196 1139 Grammatici
1221 1081 1313 1158 igitur
1335 1083 1399 1140 sive
1422 1083 1491 1141 arti·

158 1189 228 1248 ficio
256 1189 319 1246 sive
347 1187 466 1262 opificio
488 1185 573 1244 nulla
599 1203 722 1243 munera
748 1202 877 1242 onerave
903 1183 1025 1260 publica
1046 1183 1159 1241 metalli
1182 1183 1374 1261 Vipascensis
1397 1185 1493 1261 impo-

158 1299 279 1348 nuntur.
324 1288 418 1347 Nulla
439 1288 538 1364 igitur,
562 1293 594 1344 ut
609 1305 701 1363 supra
716 1285 789 1358 dixi,
812 1286 900 1344 huius
920 1285 1027 1362 capitis
1043 1295 1202 1362 praecepto
1218 1305 1285 1344 cum
1307 1285 1491 1362 reliquorum

158 1391 325 1470 praeceptis
349 1391 514 1448 similitudo
537 1397 591 1448 est.

242 1494 354 1552 Puteos
376 1492 490 1550 metalli
513 1491 710 1567 Vipascensis
736 1501 961 1567 procuratorem
984 1491 1096 1549 metalli
1118 1491 1289 1550 vendidisse
1318 1510 1409 1568 supra
1430 1493 1490 1551 iam
1503 1507 1544 1556 1x
1565 1508 1643 1558 Usar.

158 1597 289 1656 vidimus
312 1595 388 1670 (v.3
416 1594 477 1669 15).
522 1594 646 1664 Puteos,
673 1611 749 1669 quae
777 1590 904 1651 Graecis
931 1584 1042 1674 φρέατα
1072 1605 1150 1666 sunt,
1179 1594 1217 1652 ad
1244 1595 1344 1652 omnia
1369 1594 1490 1653 metalla
1515 1591 1634 1654 potiones

157 1698 330 1758 enodanda
352 1698 448 1756 factos
471 1713 539 1754 esse
562 1696 700 1754 novimus
723 1695 847 1753 Plinio
871 1695 1091 1770 (xxxmae
1114 1697 1164 1754 aa
1186 1697 1223 1756 aa
1241 1707 1391 1773 passorem
1413 1717 1488 1756 saro-
1503 1681 1643 1822 3¹:2⁰3?

158 1803 237 1861 bibus
266 1800 399 1877 loquitur
425 1805 454 1856 et
481 1797 623 1856 XXXIV
645 1797 677 1873 2)
708 1804 737 1856 et
760 1795 970 1874 Strabone¹)
1000 1799 1134 1857 testibus.
1178 1799 1305 1858 Miratur
1332 1799 1384 1858 ille
1411 1799 1488 1874 (sive
1517 1841 1624 1890 ciartam

157 1905 258 1982 potius
281 1904 307 1960 is
330 1921 419 1978 quem
442 1901 578 1978 sequitur
600 1908 713 1970 auctor,
735 1907 807 1974 puto
831 1897 987 1959 Cornelius
1008 1899 1162 1977 Bocchus)
1189 1903 1283 1960 adbuc
1301 1919 1356 1978 per
1377 1902 1489 1977 Hispo·
1511 1924 1629 1975 ves-60

157 2011 223 2066 niae
245 2006 281 2063 ab
304 2003 469 2062 Hannibale
490 2003 636 2061 inculator
659 2003 765 2060 durare
782 2013 884 2078 puteos
912 2001 1068 2078 (XXXIII
1091 2002 1155 2078 96).
1199 2004 1304 2080 Itaque
1331 2005 1362 2062 in
1390 2005 1488 2081 puteis

158 2108 336 2166 effodiendis
358 2125 452 2182 aeque
476 2113 565 2180 atque
587 2106 618 2162 in
640 2104 766 2162 scauriis
787 2103 950 2180 purgandis
966 2105 1089 2181 pulvere
1111 2105 1241 2164 lavando
1263 2107 1350 2165 testis
1372 2117 1487 2166 rutran-

156 2212 204 2270 dis
231 2210 382 2286 lapidibus
411 2207 569 2266 caedendis
597 2226 719 2282 operam
741 2205 874 2283 ipsorum
903 2207 1091 2266 metallorum
1121 2208 1292 2282 primariam
1316 2210 1489 2268 constitisse

157 2311 316 2390 probabile
338 2318 392 2370 est.
438 2309 498 2370 Sed
521 2310 623 2368 eadem
646 2309 842 2367 conductione
864 2309 977 2366 metalli
999 2309 1088 2367 etiam
1111 2310 1157 2368 ius
1180 2312 1387 2370 continebatur
1407 2314 1488 2389 putei

156 2413 333 2486 effodiendi3
359 2413 390 2470 id
416 2412 497 2488 quod
524 2431 562 2469 ex
590 2411 693 2469 ultimo
722 2412 810 2470 huius
838 2411 915 2487 legis
942 2412 1048 2488 capite,
1081 2411 1162 2487 quod
1190 2414 1308 2489 quidem
1337 2423 1488 2472 servatum

157 2527 213 2588 est,
242 2516 393 2575 discimus.
437 2514 563 2572 Videtur
589 2523 686 2570 autem
708 2531 757 2572 res
781 2513 919 2572 similiter
941 2519 1029 2588 atque
1057 2514 1087 2570 iu
1114 2515 1239 2573 scauriis
1261 2517 1425 2575 tractandis
1446 2517 1489 2574 ita

153 2621 252 2678 fuisse
284 2618 429 2688 instituta,
462 2627 495 2674 ut
527 2615 725 2674 conductores
755 2615 843 2673 huius
875 2615 1039 2690 vectigalis,
1072 2633 1252 2691 quamquam
1281 2627 1311 2674 et
1336 2618 1394 2695 ipsi
1423 2618 1488 2676 sine

156 2721 247 2780 dubio
273 2729 429 2796 puteorum
458 2717 692 2776 effodiendorum
723 2717 770 2776 ius
803 2717 970 2775 habuerunt
1002 2734 1116 2792 proque
1150 2735 1185 2775 eo
1217 2718 1280 2776 iure
1313 2719 1486 2794 pensionem

155 2823 341 2901 procuratori
365 2819 552 2880 metallorum
576 2819 741 2890 solvebant,
768 2825 867 2876 tamen
894 2819 1070 2896 plerumque
1097 2837 1157 2877 non
1185 2820 1245 2896 ipsi
1273 2838 1307 2878 eo
1334 2821 1398 2879 iure
1424 2829 1486 2879 ute·

154 2935 271 2997 rentur,
301 2923 354 2982 sed
377 2941 390 2980 e
413 2923 471 2998 lepe
496 2922 619 2980 metallis
647 2921 723 2979 dicta
749 2919 791 2995 (v.
808 2921 862 2996 59)
889 2919 957 2978 aliis
985 2939 1103 2997 quoque
1126 2930 1231 3000 puteos
1258 2921 1417 2982 effodiendi
1439 2923 1486 2982 ius

155 3035 235 3087 esset
262 3025 352 3086 certis
380 3023 613 3083 condicionibus.
661 3021 727 3080 Lex
754 3022 806 3080 illa
831 3023 961 3081 metallis
994 3023 1073 3082 dicta
1102 3031 1200 3082 utrum
1230 3025 1303 3083 haec
1330 3025 1398 3101 ipsa
1425 3044 1486 3082 me·

155 3130 229 3188 tallo
258 3127 437 3204 Vipascensi
465 3127 544 3185 dieta
570 3125 669 3184 sitan
696 3125 756 3182 alia
784 3124 929 3201 quaedam
962 3125 1153 3198 universalis,
1186 3145 1263 3202 quae
1296 3127 1333 3185 ad
1366 3127 1488 3186 metalla

155 3231 257 3290 omnia
289 3229 471 3306 pertinebat,
504 3228 632 3287 dubitari
666 3235 779 3303 potest;
817 3227 1040 3286 Mommseno
1073 3228 1144 3300 hoc,
1181 3229 1253 3287 mihi
1285 3228 1358 3288 illud
1390 3231 1485 3306 magis

152 3334 306 3412 probatur.
350 3330 504 3389 Metallum
533 3331 612 3388 enim
645 3330 703 3388 hoc
731 3329 919 3406 Vipascense
948 3329 1037 3388 etiam
1070 3331 1179 3407 plurali
1213 3349 1336 3390 numero
1365 3332 1487 3391 metalla

154 3435 214 3495 dici
246 3435 381 3512 potuisse
415 3451 508 3509 supra
539 3433 676 3491 vidimus.
727 3431 775 3490 Ex
808 3433 865 3490 bac
897 3438 995 3491 autem
1029 3433 1095 3510 lege
1128 3433 1338 3509 qualicumque
1370 3435 1486 3493 uuicui-

153 3557 211 3615 que
237 3537 345 3596 licebat
371 3535 451 3594 iutra
476 3534 551 3593 fines
580 3535 669 3592 huius
691 3533 804 3594 metalli
827 3534 956 3610 [pateam
979 3534 1136 3610 torvamque
1153 3539 1236 3611 patei
1261 3535 1316 3612 (ita
1337 3537 1485 3613 supplevi,

152 3658 251 3716 neque
272 3658 343 3697 vero
367 3637 441 3696 satis
469 3636 664 3708 confidentem
692 3637 899 3712 expectaveris
925 3637 1029 3695 saltem
1061 3638 1194 3713 locumve)
1223 3655 1370 3715 usurpare
1397 3657 1485 3696 oecu-

152 3761 263 3820 pareve
289 3741 364 3800 iuris
393 3739 541 3798 retinendi
569 3757 676 3810 causa,
705 3739 776 3796 dum
803 3738 892 3796 modo
924 3738 1003 3796 intra
1031 3747 1144 3796 certum
1177 3740 1321 3817 temporis
1355 3741 1484 3816 spatium

154 3844 252 3922 (bidui
280 3843 419 3914 sortasse,
446 3860 512 3900 cum
535 3859 552 3899 s
575 3841 675 3898 littera
702 3841 732 3898 in
755 3860 823 3900 aare
854 3849 972 3899 servata
993 3840 1044 3898 vix
1067 3841 1148 3899 aliud
1170 3841 1410 3918 supplementum
1432 3861 1485 3918 pa·

152 3946 256 4022 tiatur)
280 3945 359 4023 apud
382 3944 593 4003 conductorem
616 3944 704 4002 huius
728 3942 881 4018 vectigalis
904 3961 1007 4001 servos
1030 3944 1321 4018 mercennariosque,
1347 3961 1423 4018 quos
1446 3945 1484 4003 ad

151 4057 275 4127 puteum
302 4047 500 4107 effodiendum
526 4046 651 4116 miserit,
680 4046 858 4120 profiteatur
886 4045 1120 4120 conductoriquc
1148 4063 1203 4122 pro
1233 4045 1378 4121 operariis
1411 4053 1483 4122 puto

152 4152 280 4228 singulis
307 4149 481 4226 pensionem
513 4158 695 4206 menstruam
723 4148 829 4206 solvat.
873 4143 940 4204 Hoc
967 4155 1013 4204 est
1039 4147 1119 4223 quod
1148 4164 1240 4223 supra
1270 4146 1398 4206 vidimus
1425 4148 1483 4206 dici

152 4263 261 4333 puteos
298 4271 317 4310 a
352 4259 546 4328 procuratore
582 4270 695 4321 emere,
737 4249 851 4308 scilicet
886 4248 1057 4308 tractandos
1094 4248 1339 4325 effodiendosquc
1374 4269 1483 4308 emere.

152 4355 318 4431 Quaeritur
344 4354 554 4430 usurpationes
582 4352 651 4411 illae
678 4353 882 4428 emptionesve
909 4361 1066 4428 puteorum
1093 4371 1146 4410 our
1167 4352 1196 4409 in
1219 4353 1286 4428 ipsa
1307 4353 1415 4430 capitis
1437 4353 1483 4410 in·

151 4458 312 4536 scriptione
345 4456 482 4514 dicantur
513 4454 725 4531 pittaciarium.
790 4454 1000 4525 Pittacium,
1037 4454 1117 4530 quod
1150 4455 1328 4514 vocabulum
1361 4473 1432 4513 num
1465 4475 1484 4512 a

152 4560 271 4622 Graeco
291 4549 389 4619 adura
406 4567 487 4617 recte
511 4557 661 4616 derivetur
683 4556 796 4628 dubito,
820 4575 886 4616 cum
909 4557 974 4634 pice
996 4565 1095 4616 autem
1118 4557 1273 4634 aliquanto
1295 4556 1482 4634 probabilius

149 4663 268 4723 videtur
295 4661 434 4737 componi
464 4677 564 4738 posse,
593 4660 748 4737 pittacium
775 4659 866 4738 igitur
895 4659 1067 4718 schedulam
1100 4659 1276 4738 inscriptam
1306 4659 1481 4736 plerumque

149 4845 355 4857 ...1—--—--

227 5007 250 5068 ¹)
288 5007 318 5056 L.
332 5022 351 5057 ι.
366 5021 386 5056 t.
406 5023 431 5072 p.
445 5006 495 5057 146
512 5005 533 5056 G
554 4991 700 5077 ὅχρυσδς.
717 5040 724 5053 .
740 5001 841 5074 adparat
860 5003 900 5055 sal
919 5002 1037 5057 atterrat
1052 5038 1059 5054 .
1076 5039 1082 5054 .
1099 5045 1106 5069 ,
1126 4997 1140 5068 ἢ
1161 4995 1289 5072 ὀρῦττιται
1308 4998 1396 5071 ῲρίαρ,
1418 4996 1432 5068 ri
1454 4999 1481 5053 dl

146 5091 321 5169 ἆνινεχθιῖσα
340 5095 371 5167 l'l
389 5087 507 5148 alvisum
521 5132 527 5146 .
541 5086 586 5154 raia
606 5095 633 5147 dl
651 5093 696 5148 τοῦ
714 5085 823 5168 aipyripau
835 5093 951 5165 rapimur
964 5096 1078 5148 ποιοῦσιν
1091 5087 1207 5162 vippleis.
1224 5130 1230 5144 .
1247 5131 1253 5144 .
1271 5093 1354 5145 striis
1368 5091 1395 5144 di
1408 5097 1480 5165 χαλ.

144 5185 276 5260 roapyriuv
289 5179 346 5240 ravel
359 5191 475 5240 καλεῖται
488 5195 609 5261 χρυσεῖα,
625 5188 652 5257 ἐξ
666 5177 697 5240 ὧν
710 5185 882 5261 τεκμαίρονται
895 5181 995 5260 χρυσδν
1009 5187 1036 5257 ἔξ
1050 5185 1127 5240 abacia
1141 5177 1294 5257 ὀρῦπεσθαι
1306 5177 1433 5256 rpo'rspov.
