3488 5828
335 485 409 557 260
926 501 1071 553 ronnen

335 678 423 736 aliter
443 675 629 754 interpretati
653 681 731 745 sunt,
753 674 835 732 velut
848 675 954 752 s(ecit)
977 673 1149 749 Domuum)
1172 691 1238 734 cnm
1261 675 1313 732 alii
1335 685 1396 734 tum
1419 695 1518 752 nuper
1540 674 1672 734 Lancia·

335 781 403 838 nius
427 778 507 837 Bull.
529 797 610 836 mun.
634 779 663 848 3,
686 778 741 848 81;
764 777 967 836 Mommsenus
990 776 1061 834 mihi
1084 775 1157 852 quid
1185 776 1227 834 rei
1250 787 1330 835 esset
1351 778 1518 836 sciscitanti
1542 779 1670 854 rescrip-

336 881 457 941 sitnon
479 897 571 956 posse
594 897 653 938 non
674 879 795 957 figlinae
822 899 930 938 nomen
953 879 1048 954 sequi,
1076 879 1210 956 flagitare
1239 879 1329 956 igitur
1356 880 1519 956 analogian
1543 881 1668 957 inscrip-

334 984 424 1042 tionis
448 981 597 1057 off(icinu)
621 981 818 1056 s(ummarum)
842 980 1028 1057 r(atiouum),
1049 980 1194 1056 s(iplinn)
1223 979 1338 1039 Ocreae
1363 991 1395 1039 ut
1422 983 1481 1041 bae
1511 992 1606 1041 notae
1627 986 1667 1042 sic

336 1085 536 1161 explicentur:
568 1083 714 1159 officina)
744 1082 942 1158 e(ummarum)
972 1082 1161 1159 r(utionum),
1186 1083 1329 1159 sophira)
1358 1083 1573 1160 Dom(r'tr'uua).
1617 1087 1666 1142 sed

337 1205 393 1264 ego
423 1187 603 1245 urbanarum
632 1185 797 1261 tegularum
827 1184 965 1262 syllogen
993 1185 1113 1262 plenam
1141 1185 1305 1262 putaverim
1336 1187 1557 1261 expectandam
1592 1205 1665 1258 esse,

335 1308 432 1348 meum
461 1295 539 1346 certe
570 1287 710 1346 iudicium
739 1307 799 1347 non
824 1290 1026 1363 interponam:
1055 1287 1112 1344 boc
1137 1287 1203 1345 loco
1231 1287 1304 1345 satie
1329 1288 1425 1345 habeo
1448 1291 1608 1348 monuisse
1630 1290 1664 1349 Ο.

335 1389 571 1450 Hirschfeldium
594 1390 625 1447 in
647 1390 725 1448 libro
747 1392 891 1466 inscripto
912 1383 1194 1464 ‘Untersuchungen
1221 1389 1274 1446 auf
1292 1391 1357 1448 dem
1383 1388 1494 1449 Gebiet
1515 1392 1572 1449 der
1594 1395 1663 1450 rom.

336 1488 729 1569 Verwaltungsgeecbichte'
752 1511 781 1568 p.
798 1493 836 1550 33
851 1509 891 1550 se.
915 1492 1063 1570 probabili
1086 1493 1200 1550 ratione
1221 1494 1364 1551 statuisse
1379 1511 1557 1550 summarum
1579 1498 1664 1552 retio-

336 1615 403 1653 num
424 1603 649 1672 procuratorem
671 1594 764 1652 Marci
792 1596 908 1652 demum
931 1595 1119 1670 imperatoris
1145 1603 1278 1670 tempore
1300 1595 1410 1652 factum
1432 1613 1510 1653 esse.
1527 1628 1571 1638 -
1586 1595 1664 1654 deni-

337 1716 396 1773 que
419 1715 477 1754 non
500 1696 605 1754 tacebo
628 1697 658 1754 in
680 1696 768 1755 Actis
789 1715 845 1754 ms.
870 1713 962 1772 supra
983 1696 1163 1772 compluries
1186 1696 1283 1755 citatis
1306 1697 1334 1754 d.
1356 1697 1373 1754 9
1394 1696 1455 1755 Mai
1481 1695 1563 1756 1872
1587 1707 1663 1775 tegu-

335 1800 399 1857 lam
414 1799 639 1856 commemorari
656 1798 699 1856 sic
714 1799 887 1874 inscriptam
905 1813 1133 1856 uorrsnuersn
1157 1807 1304 1874 repertam
1321 1799 1359 1856 ad
1372 1799 1459 1858 basin
1475 1801 1614 1875 primam.
1628 1834 1661 1842 -

338 1907 457 1960 constet
479 1900 570 1976 igitur
592 1901 680 1958 bases
703 1900 771 1958 illas
794 1908 861 1958 octo
883 1901 1001 1976 aequali
1024 1917 1127 1958 omnes
1156 1901 1281 1958 artificio
1303 1901 1397 1959 factas
1420 1901 1524 1960 deberi
1548 1901 1663 1961 Diocle-

336 2003 429 2072 tiano,
452 2003 504 2078 qui
527 2003 616 2060 etiam
632 2001 784 2060 basilicam
806 2003 914 2060 Iuliam
937 2015 1131 2079 senatumque
1153 2002 1289 2060 aedilicia
1310 2021 1398 2062 areae
1419 2003 1478 2062 fori
1501 2003 1663 2078 adiacamia

336 2106 524 2164 instauravit.
556 2139 593 2148 -
624 2104 695 2162 olim
722 2105 777 2162 hae
804 2105 893 2162 bases
919 2122 1066 2163 marmore
1095 2107 1273 2164 incrustatas
1300 2105 1395 2164 luisse
1423 2105 1517 2164 Feam
1543 2108 1661 2164 docuere

337 2209 482 2284 reliquiae
497 2206 630 2266 misellae
653 2207 820 2264 tabularum
836 2207 992 2264 marmoris
1009 2206 1127 2264 candidi
1149 2207 1224 2284 ipsis
1240 2207 1362 2266 basibus
1378 2208 1552 2267 affixarum.
1591 2209 1658 2267 idem

339 2309 535 2384 deprehendit
555 2309 585 2367 in
608 2308 762 2384 superficie
784 2309 899 2367 basium
916 2307 1057 2385 l'impoeta
1079 2307 1228 2367 ol’irrcuuo
1246 2328 1301 2386 per
1316 2310 1345 2368 la
1366 2310 1499 2384 calonna,
1523 2311 1660 2387 ipsasque

338 2413 493 2471 columnae
522 2429 598 2487 quae
625 2411 748 2469 basibus
774 2411 932 2488 impositas
958 2428 1024 2469 esse
1051 2411 1177 2468 coniecit
1203 2412 1336 2489 singulas
1359 2411 1396 2469 ad
1418 2413 1558 2489 singulas
1581 2415 1659 2471 bases

338 2515 469 2572 iacentes
503 2513 633 2591 repperit
660 2514 690 2571 di
715 2517 829 2590 qranito
863 2532 942 2572 roseo
971 2513 1018 2571 del
1040 2515 1094 2590 piu
1123 2513 1195 2571 bello
1217 2516 1263 2572 del
1290 2515 1426 2572 diametro
1455 2517 1488 2572 di
1510 2514 1659 2595 palmis}

339 2617 396 2692 (=
411 2614 603 2691 m.1‚282):
627 2624 731 2674 extant
751 2615 860 2674 ibidem
877 2616 988 2687 adbuc3
1011 2622 1082 2673 sunt
1103 2625 1200 2673 autem
1224 2635 1283 2674 nou
1306 2617 1436 2674 striatas.
1482 2618 1586 2694 itaque
1608 2637 1658 2675 non

339 2718 505 2795 putaverim
534 2717 703 2776 columnam
731 2719 865 2776 striatam
893 2735 969 2794 quae
998 2736 1025 2775 a.
1052 2716 1129 2776 1812
1157 2727 1275 2795 reperta
1302 2727 1348 2777 est
1376 2719 1414 2776 ad
1441 2720 1532 2778 basin
1562 2739 1658 2779 secun·

341 2821 408 2878 dam
431 2820 503 2879 olim
525 2820 595 2878 huic
616 2819 786 2896 impositam
808 2820 904 2879 fuisse
933 2821 1022 2897 (quae
1049 2822 1105 2880 luit
1130 2821 1231 2897 opinio
1257 2821 1356 2879 Rosae
1377 2821 1444 2879 Rel.
1469 2840 1498 2896 p.
1516 2822 1587 2896 57):
1609 2821 1657 2880 nisi

340 2921 517 2981 credendum
545 2921 585 2980 sit
612 2921 722 2980 diversi
749 2923 867 3000 generis
894 2924 1049 2983 columnae
1075 2923 1199 2983 basibus
1233 2923 1320 2999 plane
1352 2923 1480 2998 geminis
1513 2925 1658 3001 imponere

340 3024 499 3101 placuisse.
544 3041 635 3099 supra
661 3035 841 3100 conquestus
869 3043 935 3084 sum
969 3025 1047 3102 quod
1074 3045 1179 3102 parum
1205 3026 1302 3084 curari
1332 3025 1408 3084 solet
1440 3044 1502 3101 qno
1535 3027 1657 3102 quidque

341 3127 399 3184 situ
431 3127 508 3184 inter
540 3126 702 3201 parietinas
737 3137 915 3203 compareat.
958 3128 1058 3204 itaque
1090 3129 1230 3204 quoniam
1263 3127 1488 3205 photograpbae
1520 3129 1657 3204 imagines

341 3246 367 3284 a.
393 3225 471 3285 1872
505 3247 564 3286 non
598 3237 668 3286 sunt
699 3229 730 3286 in
763 3230 894 3287 omnium
927 3230 1075 3300 manibus,
1108 3240 1214 3307 postea
1240 3239 1338 3287 eutem
1366 3230 1508 3288 columna
1534 3250 1571 3288 ea
1600 3230 1658 3287 loco

342 3339 423 3387 mota
450 3342 505 3403 est,
532 3351 591 3389 non
613 3330 717 3390 inutile
744 3331 816 3390 duxi
838 3332 928 3390 situm
955 3333 1018 3392 eius
1040 3332 1159 3409 qualem
1187 3334 1217 3390 in
1240 3331 1437 3408 pugillaribus
1462 3352 1488 3390 a.
1515 3331 1594 3392 1872
1616 3331 1656 3388 de-

341 3431 425 3508 pinxi
446 3431 526 3490 inlra
546 3435 652 3510 primis
674 3434 761 3493 lincis
785 3434 992 3494 adumbrasse:

531 4251 632 4298 am
778 4209 887 4277 baete
1129 4193 1225 4278 *nia
1246 4233 1358 4278 sarra

340 4444 457 4502 iacebat
489 4444 579 4520 igitur
612 4444 751 4503 columne
784 4443 899 4502 devexa
931 4461 1036 4503 versus
1067 4445 1221 4503 basilicam
1253 4447 1360 4504 Iuliam
1395 4465 1487 4525 super
1519 4451 1654 4509 cumulum

340 4564 479 4622 magnum
509 4556 606 4604 terrae
629 4546 784 4605 ruderibus
808 4548 973 4622 omnigenis
1002 4548 1121 4620 mixtae,
1149 4549 1225 4606 inter
1254 4567 1330 4626 quae
1358 4568 1466 4608 saxum
1489 4552 1654 4627 quadratum

342 4648 388 4723 (h)
411 4657 440 4706 et
466 4648 548 4707 basis
576 4648 731 4706 columnae
757 4649 964 4708 nesciocuius
988 4649 1035 4726 (u)
1062 4651 1280 4726 comparebant.
1324 4651 1433 4710 ibidem
1455 4663 1606 4728 repertum
1626 4654 1655 4712 ir.

346 4751 402 4808 153
427 4749 521 4826 Aepy.
546 4761 571 4808 et
691 4751 760 4808 hinc
785 4751 863 4809 elfini
891 4752 1008 4810 ridetur
1033 4753 1199 4810 columnam
1225 4754 1308 4811 illam
1335 4761 1405 4830 post
1427 4756 1613 4814 accumulata
1631 4757 1655 4812 in

342 4871 413 4910 area
434 4852 491 4909 fori
514 4852 621 4911 rudera
641 4871 706 4910 eum
730 4852 798 4910 aliis
821 4853 993 4930 fragmentis
1017 4874 1052 4914 eo
1075 4855 1240 4914 coniectum
1262 4874 1328 4914 csse
1356 4875 1409 4913 nec
1431 4858 1507 4916 satie
1529 4869 1656 4918 constare

341 4955 419 5012 unde
441 4955 547 5012 avulsa
569 4955 617 5013 sit.
663 4955 767 5014 deinde
795 4956 862 5014 audi
890 4964 1039 5016 auctorem
1063 4958 1229 5016 Relationis
1256 4978 1284 5034 p.
1302 4959 1340 5017 56
1363 4959 1437 5017 haec
1464 4960 1655 5038 disputantem

341 5055 377 5112 de
400 5055 521 5116 basibus
544 5077 570 5114 a.
596 5056 674 5116 1872
697 5057 834 5116 detectis:
862 5057 936 5117 eour'
962 5064 1017 5118 ersi
1046 5062 1187 5119 dooenono
1207 5063 1347 5136 popqiare
1368 5061 1530 5120 attrectare
1552 5063 1656 5122 colunne

342 5161 472 5217 oneraris
494 5159 715 5235 probabilmentc
741 5161 883 5219 innalzate
908 5179 989 5222 nereo
1015 5165 1026 5220 i
1051 5166 1137 5238 tempi
1161 5163 1192 5220 di
1221 5162 1412 5222 Constantino.
1456 5164 1655 5240 imperaretis
