3458 5820
305 503 378 574 368
879 523 1062 575 uonusan

302 697 487 774 intellegitur
501 715 539 754 ex
563 696 650 755 fastis
666 695 860 756 Ostiensibus
883 695 1024 772 (Henzen
1041 695 1146 771 6446),
1170 694 1220 754 ubi
1244 705 1291 754 est
1305 695 1386 753 Iloir
1400 716 1425 754 5.
1438 715 1471 771 p.
1489 716 1516 772 q.
1554 695 1631 754 Alibi

303 799 452 858 invenitur
473 818 520 875 qq.
537 817 559 856 c.
573 818 604 874 p.
630 798 768 874 (Henzeu
791 797 1241 876 602⁹),11cirquinqueaaalis
1263 797 1402 874 (Heraea
1425 798 1534 874 6709),
1556 801 1632 874 qaia-

305 901 456 978 queaaalis
480 901 592 977 (Orelli
616 899 696 958 6604
720 919 812 977 supra
834 921 862 977 p.
880 900 965 976 365).

388 1005 416 1061 4.
460 1003 622 1079 q(uaestor)
644 1001 794 1078 a(erarii),
822 1004 901 1079 quod
927 1023 987 1062 non
1015 1003 1125 1080 legitur
1150 1003 1209 1060 nisi
1232 1003 1263 1061 in
1285 1003 1309 1061 B
1333 1003 1391 1078 (7),
1417 1001 1497 1062 redit
1518 1003 1549 1061 iu
1571 1001 1633 1060 aliia

304 1107 400 1165 titulis
424 1105 541 1166 duobus
565 1104 770 1176 Ostiensibus,
798 1124 923 1181 quorum
952 1105 1077 1164 alterum
1103 1104 1138 1163 L.
1162 1103 1271 1164 Licinii
1293 1103 1426 1164 Herodis
1454 1106 1530 1164 haec
1553 1123 1633 1163 voca-

304 1210 375 1267 bula
397 1210 564 1284 perscripta
584 1208 743 1267 habentem
765 1216 854 1266 antea
877 1208 919 1284 (p.
937 1206 1012 1284 365)
1036 1208 1202 1280 attulimus,
1225 1208 1301 1266 alter
1323 1208 1394 1266 item
1416 1225 1510 1284 supra
1532 1226 1562 1283 p.
1580 1206 1631 1265 367
1714 1277 1719 1292 ⁸

303 1312 412 1370 citatus
435 1309 491 1370 Cn.
515 1308 611 1370 Sentii
633 1309 744 1368 Felicis
767 1311 797 1368 in
821 1309 923 1368 ordine
945 1311 1091 1368 honorum
1114 1317 1269 1368 enumerat
1290 1328 1317 1385 q.
1340 1329 1369 1367 a.
1397 1307 1521 1368 Ostieas.
1546 1309 1632 1385 (com-

302 1413 444 1491 pendium
471 1431 530 1471 non
557 1411 716 1472 admodum
744 1413 885 1470 usitatum
912 1411 990 1470 redit
1011 1411 1069 1470 vol.
1085 1412 1114 1470 V
1135 1431 1164 1469 n.
1180 1410 1287 1487 6468),
1315 1411 1422 1470 deinde
1451 1419 1523 1487 post
1550 1413 1635 1470 verba

302 1535 393 1593 supra
415 1514 509 1573 relata
530 1515 572 1572 ita
593 1515 703 1591 pergit:
727 1515 771 1572 lu‘a
790 1519 903 1590 priraaa
925 1518 1056 1584 omnium,
1079 1532 1134 1591 quo
1155 1533 1230 1572 arao
1253 1511 1396 1589 dec(urio)
1418 1512 1578 1588 addetam)
1599 1525 1635 1572 ert

303 1618 433 1694 (scilieet
454 1617 530 1676 iuter
546 1616 725 1692 aedilicias),
748 1627 773 1676 et
794 1616 956 1694 q(uaestor)
979 1615 1117 1692 a(erartt)
1133 1615 1263 1691 sueque)
1287 1625 1375 1674 estet
1396 1619 1427 1673 a‘a
1445 1613 1633 1692 proximam)

303 1740 408 1779 aarum
423 1719 504 1777 Ilor'r
518 1717 711 1794 desipuatpes)
727 1728 777 1778 est.
821 1717 908 1778 Unde
923 1719 994 1778 item
1010 1718 1192 1797 intellegitur
1207 1725 1400 1794 quaesturam
1419 1717 1500 1792 apud
1519 1716 1633 1776 Ostien-

302 1841 351 1882 scs
384 1822 515 1882 muneris
542 1821 608 1879 loco
638 1821 733 1880 luisse
760 1821 884 1898 gradum
914 1830 1025 1880 certum
1055 1821 1168 1880 nullum
1195 1820 1375 1890 obtinentis,
1402 1839 1469 1878 cum
1501 1820 1633 1878 aedilicio
1704 1863 1709 1872 .

302 1943 422 2002 quoque
449 1923 619 1983 conferatur
644 1942 741 1998 nequa
768 1923 957 1982 intervallum
986 1923 1080 1981 ullum
1103 1923 1274 1999 requiratur
1293 1923 1373 1980 inter
1393 1941 1461 1980 eam
1483 1931 1513 1979 et
1535 1922 1633 1980 duovi-

302 2035 408 2086 ratum.
452 2027 559 2104 Itaque
586 2045 681 2103 neque
708 2025 882 2084 mirabimur
911 2024 1070 2085 Gamalam
1098 2045 1134 2084 eo
1163 2043 1285 2083 munere
1310 2024 1444 2083 functum
1473 2042 1544 2084 esse
1569 2033 1633 2102 post

302 2147 459 2188 censuram
474 2147 570 2205 neque
585 2146 772 2206 quaeremus,
795 2147 848 2186 eur
869 2127 900 2185 in
923 2128 1019 2186 altero
1042 2127 1129 2186 titulo
1144 2135 1306 2202 quaestura
1324 2137 1547 2205 praetereatur;
1570 2145 1632 2184 nam

304 2233 432 2290 honores
455 2229 598 2290 ordinarii
621 2239 734 2289 tantum
763 2230 851 2288 modo
878 2233 910 2288 in
932 2230 1027 2288 titulis
1054 2230 1223 2288 necessario
1245 2230 1448 2304 requiruntur,
1471 2229 1632 2288 extraordi·
1689 2216 1695 2230 '

303 2334 379 2393 narii
403 2343 502 2392 autem
525 2334 654 2409 itemque
676 2351 801 2391 munera
822 2343 901 2390 recte
923 2334 1109 2391 omittuntur.
1127 2366 1165 2376 -
1181 2329 1320 2390 Ceterum
1335 2339 1514 2408 quaestores
1531 2331 1631 2389 aerarii
1715 2361 1719 2380 ·

302 2437 354 2513 qui
377 2437 515 2494 dicuntur
537 2436 602 2494 sine
624 2435 714 2493 dubio
737 2453 840 2494 omnes
862 2434 996 2494 Traiano
1019 2434 1203 2511 posteriores
1227 2442 1309 2504 sunt;
1338 2453 1406 2492 nam
1435 2443 1505 2492 aute
1528 2433 1631 2492 cousti-

302 2548 395 2598 tutam
425 2547 616 2613 quaesturam
651 2537 775 2596 alteram
808 2537 1023 2596 alimentariam
1053 2555 1146 2595 causa
1172 2536 1256 2595 nulla
1287 2537 1354 2609 fuit,
1387 2555 1440 2595 cur
1468 2554 1529 2594 non
1558 2535 1631 2594 nudo
1658 2527 1665 2542 ⁸

303 2642 473 2718 quaestoris
496 2640 616 2699 nomine
640 2640 706 2698 solo
729 2647 892 2698 uterentur.

387 2745 415 2802 5.
460 2741 649 2817 tabular(um)
673 2753 697 2800 et
720 2741 858 2799 librorum
885 2753 1003 2800 curator
1020 2746 1134 2818 pamas
1157 2744 1324 2800 constitutus
1351 2741 1439 2800 adest
1460 2742 1490 2800 iu
1515 2741 1579 2800 solo
1601 2740 1632 2799 ti·
1704 2783 1710 2804 .

303 2845 364 2904 tulo
386 2845 552 2923 posteriore
575 2845 614 2920 (B
637 2843 679 2919 8).
724 2841 822 2902 Curae
845 2844 910 2902 eius
932 2845 962 2902 in
985 2843 1156 2920 municipiis
1178 2844 1304 2902 alterum
1326 2843 1501 2919 exemplum
1524 2843 1631 2902 nullum

302 2949 370 3006 novi
377 2969 385 3020 3
409 2965 558 3024 expressa
579 2956 626 3006 est
648 2946 686 3005 ad
709 2956 854 3005 aratores
875 2947 1036 3006 tabularum
1054 2946 1238 3023 publicarum
1261 2946 1392 3004 urbanos
1419 2964 1546 3004 numero
1568 2956 1631 3016 tres,
1671 3005 1673 3008 ,

302 3051 354 3127 qui
380 3051 508 3126 primum
536 3051 701 3127 imperante
723 3048 849 3108 Tiberio
876 3049 1032 3108 constituti
1058 3057 1129 3108 sunt
1153 3049 1191 3107 ad
1213 3047 1333 3107 tabulas
1360 3047 1503 3108 tabularii
1526 3047 1632 3124 publici

301 3151 513 3212 instaurandas
535 3153 582 3210 vel
606 3150 791 3229 supplendas
814 3151 898 3226 (rom.
923 3151 1101 3210 Staatsreclrt
1121 3149 1173 3222 2²,
1190 3151 1275 3227 545).

387 3256 415 3314 6.
460 3265 574 3313 curator
592 3257 733 3330 pecuniae
749 3254 884 3331 publicae
906 3255 1059 3330 eaiqeadaa
1087 3265 1113 3314 et
1133 3253 1328 3313 attribuendae
1349 3257 1379 3312 ia
1402 3257 1524 3313 comitiis
1539 3256 1632 3329 facula

304 3356 344 3432 (B
370 3356 407 3414 14
440 3355 507 3414 1555
538 3375 643 3433 parum
671 3357 756 3433 apto)
789 3357 854 3414 sive
880 3360 909 3414 ia
943 3359 1049 3415 comitia
1069 3359 1169 3433 factus
1197 3366 1315 3416 carator
1337 3360 1480 3432 perseniae
1502 3357 1632 3433 publicae

303 3459 455 3534 esiqeadae
477 3469 503 3516 et
524 3458 730 3517 admittendae
745 3459 786 3534 (A
803 3459 836 3534 9)
859 3469 891 3517 ut
912 3458 983 3517 item
1005 3459 1036 3516 iu
1052 3458 1223 3535 manicipiis
1238 3468 1394 3536 praeterea
1413 3463 1478 3519 sine
1498 3458 1631 3536 exemplo

303 3570 359 3631 est,
382 3562 424 3619 ita
445 3579 503 3619 non
528 3560 624 3618 minus
647 3569 727 3620 recte
750 3569 944 3637 componetur
964 3579 1030 3619 eum
1053 3561 1151 3621 tribus
1167 3561 1240 3618 viris
1260 3579 1338 3637 quos
1353 3559 1503 3621 Claudius
1527 3560 1631 3620 crearit

303 3653 465 3747 πράκτορας
479 3663 536 3720 τῶν
550 3663 591 3739 aqi
606 3656 728 3740 δημοσίῳ
743 3654 930 3740 ὄφειλομένων
945 3663 1020 3738 (Dio
1033 3663 1083 3735 60,
1097 3663 1149 3733 105
1172 3662 1352 3722 Staarsrecle
1366 3660 1416 3734 2²,
1430 3663 1516 3738 545).
1551 3660 1631 3736 Quod

303 3765 429 3824 adicitur
451 3769 481 3822 in
496 3767 602 3824 comitis
615 3767 723 3842 saetas,
746 3764 776 3823 id
799 3784 865 3824 cum
889 3767 985 3824 solum
1001 3767 1129 3842 priorem
1150 3765 1269 3824 titulum
1284 3765 1481 3835 habebamus,
1504 3763 1630 3842 proclive

302 3876 367 3928 erat
382 3868 494 3927 referre
510 3869 547 3926 ad
569 3887 727 3928 censuram
750 3886 827 3944 quae
849 3868 1015 3944 praecedit3
1037 3885 1218 3944 quamquam
1241 3886 1308 3926 cum
1324 3885 1468 3926 censores
1492 3867 1523 3925 iu
1546 3866 1629 3925 comi·

303 3970 352 4028 tiis
379 3987 483 4028 omnes
507 3979 642 4028 creentur
668 3970 697 4028 id
725 3969 958 4029 additamentum
981 3971 1009 4028 ei
1035 3970 1222 4047 magistratui
1249 3989 1356 4046 parum
1379 3969 1530 4028 convenit.
1572 3969 1629 4026 Iam

302 4071 421 4148 prolato
444 4072 529 4131 titulo
552 4073 717 4150 posteriore
740 4081 846 4149 sponte
868 4079 994 4149 apparet
1015 4073 1053 4130 ad
1075 4091 1176 4130 curam
1198 4071 1229 4130 id
1252 4071 1429 4130 trahendum
1452 4089 1532 4144 esse,
1561 4088 1629 4147 quse

303 4194 392 4232 curae
413 4193 479 4232 eum
510 4175 639 4232 maxime
666 4183 764 4233 aetate
790 4174 984 4251 imperatoria
1009 4175 1185 4251 plerumque
1212 4174 1249 4232 ab
1278 4173 1381 4232 ordine
1403 4173 1556 4246 darentur,
1577 4190 1629 4232 non

304 4275 367 4334 sine
400 4276 509 4334 idonea
542 4295 634 4336 causa
666 4275 744 4335 adici
777 4276 875 4354 potuit
906 4276 985 4334 hunc
1012 4286 1177 4336 curatorem
1206 4275 1311 4354 populi
1340 4275 1499 4352 suffragiis
1529 4275 1628 4333 lectum

303 4393 379 4436 esse.
396 4410 433 4420 —
452 4376 592 4437 Ceterum
619 4397 678 4456 quo
708 4379 812 4438 ordine
834 4379 883 4438 hic
909 4380 1007 4438 honor
1035 4387 1065 4438 et
1090 4379 1228 4454 proxime
1250 4377 1433 4455 praecedens
1456 4395 1490 4438 sa
1513 4395 1630 4452 excepe-

302 4479 372 4552 rint,
396 4480 567 4558 ambiguum
588 4490 642 4541 est.

404 4704 457 4762 lll.
500 4701 841 4764 LIBERALITATES
866 4702 1076 4765 GAMALAE
1098 4702 1143 4763 IN
1164 4704 1202 4763 R.
1224 4704 1260 4762 P.
1284 4700 1540 4764 OSTIENSEM.

389 4894 416 4950 l.
459 4892 496 4949 Ia
524 4891 608 4950 ludos
635 4911 697 4950 cum
723 4895 880 4969 accepisset
900 4891 1043 4969 partire)
1067 4892 1157 4964 lucar,
1183 4895 1290 4951 remisit
1316 4901 1340 4950 et
1366 4893 1401 4950 de
1422 4909 1475 4950 sao
1499 4893 1632 4968 crepatio-

302 5012 364 5052 nem
377 4997 451 5070 jecit
473 4991 588 5070 (A12)
611 4994 675 5052 sive
691 4995 774 5053 ludos
798 5013 890 5052 manes
910 5013 981 5070 quos
996 4996 1067 5068 jecit
1085 4993 1269 5071 amplificavit
1289 4997 1419 5070 impensa
1441 5013 1497 5052 sua
1519 4989 1633 5068 (1310).

303 5095 398 5153 Tituli
421 5095 481 5152 duo
503 5095 624 5154 diversa
645 5097 803 5154 enuntiant
823 5115 919 5172 neque
940 5105 1038 5154 tamen
1061 5097 1222 5165 contraria,
1245 5095 1359 5154 scilicet
1379 5095 1456 5154 alter
1478 5095 1632 5156 Gamalam

302 5197 345 5254 rei
369 5216 397 5271 p.
421 5197 504 5255 lucar
525 5198 679 5256 remisisse
701 5197 755 5272 (cl.
778 5197 957 5258 Staatsrecdt
978 5196 1028 5271 22,
1055 5199 1103 5256 59.
1128 5197 1192 5273 63),
1215 5197 1291 5256 alter
1313 5217 1381 5255 eum
1404 5197 1473 5275 plus
1497 5199 1529 5258 in
1550 5197 1629 5256 ludos
1657 5217 1659 5220 ·

226 5313 228 5318 ·
303 5297 487 5374 impendisse
509 5317 599 5374 quam
621 5309 781 5376 oporteret.
