3516 5828
304 1707 434 1854 LllX
457 1707 738 1845 METALLI
763 1705 1179 1821 VIPASORNSIS.

255 1908 657 1984 nontrannnrvn
684 1910 751 1985 An
780 1907 1020 1986 uosroms
1047 1907 1157 1983 von.
1187 1906 1232 1980 n.

667 2101 819 2110 .-—-—-

69 2114 262 2265 Aljustrel
288 2193 370 2250 vicus
397 2202 443 2250 est
468 2193 498 2250 in
521 2191 680 2250 Lusitania
705 2191 893 2251 meridionali
921 2191 995 2250 situs
1018 2191 1116 2250 medio
1138 2191 1199 2249 fere
1222 2191 1298 2249 inter
1320 2189 1405 2247 Anae
1442 2199 1522 2262 Origo

71 2311 200 2352 cursum
223 2301 253 2351 et
275 2313 356 2352 oram
379 2296 558 2353 maritimam
586 2295 700 2366 itinere,
727 2315 745 2352 a
767 2295 926 2366 montibus,
955 2295 1005 2371 qni
1029 2295 1159 2370 Alpuree
1180 2311 1302 2369 regnum
1325 2293 1406 2350 elan·
1449 2283 1515 2330 ΜΒ

71 2396 163 2467 dunt,
185 2415 290 2454 versus
313 2397 544 2472 septentriones,
566 2397 597 2454 in
619 2397 743 2474 planitie
765 2397 835 2469 alta,
858 2416 946 2474 quum
961 2396 1098 2456 Lusitani
1121 2415 1200 2455 nuno
1221 2415 1358 2472 campum
1374 2396 1408 2451 de

75 2498 208 2573 Ourique
230 2499 374 2574 dicunt1).
418 2501 466 2558 Ab
483 2499 644 2559 Ossonoba
662 2507 750 2574 portu
766 2499 961 2570 meridionali,
984 2501 1035 2576 qui
1054 2499 1110 2558 fuit
1124 2517 1217 2576 prope
1232 2499 1407 2556 hodiernam

74 2601 162 2658 Fure
184 2600 295 2674 urbem,
320 2601 508 2680 Olisiponem
534 2623 588 2680 per
614 2603 763 2678 regionem
790 2601 873 2659 illam
901 2602 979 2660 viam
1006 2602 1100 2659 luisse
1126 2608 1238 2660 certum
1267 2609 1325 2671 est3
1355 2597 1408 2655 sed

72 2721 148 2760 curn
175 2703 318 2761 itinerarii
342 2705 537 2762 Antoniniani
567 2705 682 2776 itinera,
709 2722 786 2779 quae
812 2705 869 2762 huc
890 2704 1049 2780 pertinent,
1068 2704 1165 2778 plane
1187 2702 1316 2761 confusa
1338 2702 1407 2773 sint,

72 2805 115 2862 de
147 2805 213 2862 viae
241 2806 305 2864 eius
331 2808 537 2865 mansionibus
564 2808 637 2866 certi
664 2807 739 2864 nibil
768 2805 858 2864 statui
886 2813 995 2881 potest.
1040 2804 1155 2864 Tamen
1181 2804 1336 2882 probabile
1363 2811 1409 2860 est

73 2907 237 2966 castellnm
262 2917 357 2980 vetus,
385 2909 470 2966 euius
500 2927 593 2986 supra
614 2909 709 2966 vicum
733 2907 875 2982 Aly'estrel
901 2908 1066 2984 parietinae
1093 2905 1264 2983 supersunt,
1287 2926 1305 2964 a
1325 2907 1409 2964 Mau·

74 3010 122 3068 ris
147 3009 266 3067 saeculo
289 3010 403 3068 decimo
426 3020 603 3089 occupatum
625 3019 738 3069 tantum
759 3027 836 3081 esse,
860 3029 918 3068 non
941 3009 1075 3068 funditus
1097 3017 1275 3067 extructum.
1322 3005 1409 3068 Scili-

76 3123 130 3169 cet
157 3111 312 3169 Romanae
339 3120 390 3170 aut
421 3113 599 3189 antiquioris
626 3113 714 3170 etiam
742 3113 868 3190 originis
896 3111 972 3170 illud
996 3112 1210 3184 videturesse,
1240 3128 1409 3188 quanquam

80 3212 162 3269 aliae
187 3214 266 3272 vitae
296 3213 448 3272 Romanae
474 3216 618 3290 reliquiae
645 3215 725 3290 quod
752 3215 843 3273 seiam
873 3215 969 3273 adhue
996 3214 1037 3272 ibi
1070 3223 1206 3291 repertae
1238 3232 1296 3271 non
1331 3221 1410 3270 sunt.

79 3315 205 3391 Reperti
227 3335 299 3374 vero
322 3317 442 3375 suntin
466 3335 571 3393 campo
594 3316 646 3374 illo
666 3318 701 3374 de
716 3315 844 3394 Ourtque
865 3316 944 3375 tituli
966 3316 1079 3392 aliquot
1101 3315 1282 3393 sepulcrales
1306 3315 1411 3389 scripti

74 3417 190 3475 litteris
214 3418 326 3494 ignotis
352 3418 479 3494 quidem,
507 3420 560 3476 sed
585 3419 707 3490 eisdem,
734 3437 809 3495 quas
836 3419 947 3478 nummi
974 3419 1084 3477 habent
1105 3439 1144 3476 ex
1165 3417 1269 3477 eadem
1291 3417 1411 3493 regione

73 3519 293 3598 provenientes
321 3530 350 3578 et
372 3521 565 3596 probabiliter
587 3521 720 3579 attributi
744 3519 887 3582 Salaciae
901 3533 930 3579 et
946 3519 1143 3596 Caetobrigae
1165 3520 1285 3598 oppidis
1308 3519 1411 3594 paullo

75 3621 180 3697 magis
204 3640 308 3680 versus
331 3623 548 3700 septentriones
572 3620 679 3698 sitis2).
724 3623 790 3682 Has
812 3634 909 3682 antem
932 3623 1049 3682 litteras
1072 3642 1090 3681 a
1112 3622 1313 3682 Phoenicibus
1340 3621 1411 3678 olim

73 3724 225 3782 didicisse
238 3723 411 3796 Lusitanos,
434 3732 466 3783 ut
489 3727 526 3783 ab
547 3725 658 3783 eisdem
681 3725 798 3801 reliqua
820 3726 985 3803 scripturae
1001 3743 1112 3802 genera
1130 3724 1311 3796 derivantur,
1335 3742 1412 3800 quae

70 3829 110 3886 in
127 3825 281 3902 Hispania
303 3834 446 3904 usurpata
467 3827 562 3886 fuisse
581 3827 692 3886 nummi
715 3827 854 3904 titulique
869 3827 1085 3898 demonstrant,
1107 3827 1175 3904 ipsa
1189 3845 1293 3885 eorum
1316 3826 1413 3884 forma

71 3930 179 3988 docet.
233 3927 340 4004 Itaque
372 3937 483 3988 eertum
516 3939 562 3988 est
592 3949 644 4004 per
670 3929 738 3988 loea
764 3929 838 3986 haee
863 3929 952 3988 bodie
980 3929 1098 3986 deserta
1123 3937 1154 3988 et
1180 3947 1272 4004 paene
1299 3928 1414 3986 inculta

71 4032 153 4092 inde
176 4048 194 4087 a
215 4030 427 4089 vetustissimis
451 4031 632 4107 temporibus
656 4031 825 4090 commercii
847 4049 938 4090 eausa
959 4030 1074 4090 incolas
1097 4047 1294 4100 commeasse3
1322 4029 1413 4090 idem-

71 4153 139 4211 que
158 4133 248 4190 etiam
264 4131 371 4191 Avieni
387 4133 519 4192 narratio
541 4131 708 4210 testatur³),
730 4133 814 4192 euius
831 4141 944 4210 quanta
958 4140 1094 4192 vetustas
1117 4133 1157 4191 sit
1170 4131 1412 4190 Muellenhof·

70 4237 158 4295 sius
185 4243 287 4292 noster
315 4253 370 4294 nos
398 4234 554 4311 educatu).
598 4235 710 4294 Portus
738 4254 808 4295 orae
837 4235 1028 4296 occidentalis
1062 4234 1217 4312 proximus
1243 4233 1415 4309 Merobriga

70 4339 204 4398 videtur
225 4337 318 4395 fuisse
341 4335 496 4414 (Santiepo
515 4339 554 4396 ,de
578 4338 676 4412 Capena
698 4337 870 4414 hodierna),
899 4336 1029 4397 Celticae
1057 4350 1089 4396 ut
1118 4356 1225 4396 nomen
1247 4335 1334 4394 docet
1356 4333 1414 4393 ori·

70 4440 164 4518 ginis
193 4439 346 4515 oppidum,
373 4440 459 4498 euius
486 4459 553 4498 eum
578 4439 695 4498 incolas
723 4441 908 4516 plumberias
934 4441 1079 4517 appellari
1107 4439 1224 4498 Plinius
1253 4437 1296 4513 (n.
1318 4439 1348 4497 h.
1372 4437 1415 4495 IV

69 4545 92 4620 §
122 4541 202 4616 118)
224 4541 309 4600 testis
333 4542 381 4612 sit,
404 4541 559 4619 plumbum
581 4543 613 4600 in
635 4541 744 4600 fodinis
767 4543 874 4601 vicinis
901 4543 1044 4602 effossum
1071 4541 1252 4601 eredendum
1273 4549 1320 4600 est
1344 4539 1414 4599 inde

69 4708 291 4721 ,.,,...-.---.

165 4829 188 4892 ¹)
227 4833 258 4880 In
282 4832 370 4882 tabule
393 4833 565 4897 geographica
588 4835 797 4898 inscriptionibus
817 4835 938 4900 Hispanis
957 4823 1059 4884 adiecta
1080 4836 1166 4900 priore
1185 4833 1313 4902 Aljustrel
1330 4833 1415 4884 locum

68 4925 201 4979 medium
220 4924 273 4973 iere
292 4925 397 4974 deberet
416 4925 532 4974 obtinere
551 4926 619 4976 inter
639 4923 749 4992 Oua-ique
768 4933 794 4976 et
812 4925 989 4995 Measejunum.

164 5013 189 5077 ²)
228 5017 264 5066 Ut
277 5016 385 5067 Iacobus
397 5016 498 5068 Zobel
512 5018 697 5070 demonstrarit
710 5020 736 5068 in
750 5019 915 5084 ephemeride
932 5021 1109 5070 numismatica
1122 5021 1250 5080 Parisina,
1271 5033 1320 5068 ser.
1335 5031 1416 5066 rrovae

70 5112 134 5161 vol.
162 5109 187 5168 Β,
212 5106 281 5158 1863
300 5125 325 5173 p.
347 5109 408 5160 369.

165 5198 190 5262 ³)
229 5199 297 5250 Orae
315 5201 400 5250 merit.
420 5217 444 5251 v.
465 5202 518 5252 200
534 5219 567 5254 ss.

163 5289 190 5351 ⁴)
230 5287 353 5343 Deutselte
372 5291 607 5346 Altertdumakunde
629 5298 642 5346 1
663 5295 804 5361 pibbae.
