3458 5820
334 525 409 598 noa
589 485 590 488 ‘
934 541 1081 594 sonnio

376 739 441 778 rum
468 717 696 794 triumphalium
722 713 795 776 ‘non
823 718 910 794 longe
938 737 957 775 a
979 717 1105 776 basilica
1127 717 1203 774 Iulia
1229 733 1336 774 versus
1362 717 1469 775 aedem
1493 716 1561 774 divi
1584 719 1680 774 Anto-

379 822 441 879 nini
464 815 596 898 reperta'
619 821 690 878 dicit
712 819 885 883 Hennenus.
912 829 989 878 tacet
1011 820 1047 879 de
1070 818 1271 878 consularium
1297 819 1446 878 laetorum
1468 819 1614 890 frustula
1638 828 1677 876 tn-

377 932 444 982 oent
465 925 553 981 Acta.
599 940 655 999 ogo
677 923 738 981 vidi
760 942 799 980 m.
821 922 919 999 Aprili
942 941 969 980 a.
996 921 1074 980 1878
1097 921 1296 998 fragmentum
1318 921 1447 998 primum
1471 929 1547 980 ante
1570 919 1676 981 Casto-

377 1026 421 1084 ris
443 1024 493 1100 (cs.
517 1024 645 1082 Hermes
668 1025 697 1094 7,
721 1023 796 1099 269)
819 1025 921 1101 ibique
943 1025 1111 1102 putaverim
1134 1033 1234 1082 cetera
1255 1041 1374 1100 quoque
1395 1024 1523 1082 inventa
1545 1041 1625 1081 esse.

338 1233 519 1313 72:pr
543 1236 638 1312 epigr.
655 1233 684 1306 2,
702 1233 772 1294 tto.
797 1267 834 1278 —
858 1238 894 1294 A.
921 1235 1010 1293 1873.
1055 1234 1268 1310 Fragmentum
1295 1234 1441 1293 fastorum
1469 1233 1672 1293 consularium

379 1344 530 1412 repertum
551 1333 621 1395 ‘non
644 1337 750 1413 lunghi
773 1338 822 1395 dal
838 1339 935 1396 fianoo
950 1337 997 1396 del
1022 1337 1131 1412 tempio
1154 1335 1200 1394 de'
1217 1333 1335 1394 Castori
1358 1355 1374 1392 e
1396 1336 1478 1394 della
1502 1337 1555 1392 via
1569 1336 1674 1394 Nnona

379 1457 467 1497 verso
489 1440 510 1497 il
533 1439 595 1497 lato
619 1439 812 1498 meridionale
834 1440 882 1499 del
906 1435 983 1498 foro'
1005 1438 1153 1513 Rapporti
1175 1439 1194 1496 5
1215 1438 1272 1496 Inl.
1292 1438 1381 1496 1873.
1424 1435 1463 1495 ‘F
1466 1439 1498 1496 in
1523 1437 1574 1496 dal
1598 1439 1674 1514 prin·

379 1541 458 1617 cipio
481 1541 530 1600 del
553 1559 633 1601 mese
655 1541 685 1599 di
707 1540 817 1619 Lnglio
838 1562 867 1618 p.
892 1560 920 1616 p.
944 1542 983 1599 mi
1007 1542 1039 1599 fn
1063 1541 1281 1599 communicato
1299 1583 1307 1598 .
1324 1585 1330 1598 .
1348 1559 1386 1597 un
1410 1541 1530 1598 lramm.
1556 1541 1585 1597 di
1608 1541 1673 1597 fasti

378 1644 537 1702 rinvenuto
557 1687 564 1701 .
581 1685 588 1701 .
606 1687 613 1701 .
634 1643 713 1700 nella
734 1653 819 1720 parto
842 1651 931 1720 posta
952 1643 1048 1702 dietro
1071 1643 1118 1701 del
1141 1644 1252 1720 tempio
1274 1643 1304 1700 di
1327 1641 1440 1701 cesare
1463 1659 1557 1700 verso
1579 1641 1674 1717 quello

377 1745 406 1802 d’
429 1745 585 1804 Antonino
608 1765 624 1803 ε
647 1741 805 1804 Faustina'
828 1746 952 1805 Henzen
974 1745 1054 1804 Bull.
1080 1746 1169 1816 1874,
1195 1746 1263 1804 136.

338 1955 376 2014 73
391 1979 429 2005 =
446 1954 535 2014 1005.
578 1955 613 2014 In
635 1956 747 2033 templo
767 1956 934 2020 Faustinae
956 1957 986 2014 in
1009 1957 1165 2033 epistylio:

717 2144 784 2202 dico
806 2145 941 2203 antonino
964 2153 989 2202 ct
1012 2144 1017 2222 1
1041 2144 1126 2202 diane
1140 2146 1293 2218 sanctona

379 2328 510 2388 Versum
532 2330 661 2406 primum
683 2339 789 2407 postea
810 2329 943 2388 additum
966 2347 1032 2390 esse
1054 2339 1183 2407 arguunt
1204 2330 1321 2390 litterae
1335 2329 1510 2406 insculptae
1533 2329 1671 2398 ciusdem,

336 2449 404 2490 oum
431 2433 584 2490 emineant
613 2432 732 2490 litterae
759 2432 892 2491 alterius.
936 2443 1092 2508 praeterea
1118 2433 1201 2492 aedis
1228 2451 1335 2492 nomen
1358 2431 1509 2490 sollemne
1532 2443 1578 2490 est
1600 2431 1671 2489 Fun·

336 2535 443 2606 atinae,
466 2551 525 2592 non
543 2535 688 2594 Antonini
710 2541 740 2592 et
754 2534 930 2594 Faustinae:
957 2537 995 2594 of.
1020 2534 1084 2593 Fea
1105 2534 1190 2594 Fasti
1213 2554 1241 2611 p.
1258 2533 1399 2592 LXXIII
1412 2551 1437 2592 s.
1460 2541 1493 2592 et
1515 2554 1566 2592 nn.
1583 2551 1670 2591 ss.-

338 2635 485 2696 Faustina
507 2635 555 2696 Pii
579 2647 753 2696 consecrata
774 2647 821 2696 est
843 2657 869 2696 a.
897 2637 965 2706 141,
989 2637 1062 2696 Pius
1085 2637 1150 2714 ipse
1173 2657 1199 2694 a.
1226 2637 1294 2696 161.

338 2829 646 2890 74=1002.-n.
666 2829 765 2890 15471
810 2829 899 2888 Basis
933 2849 1099 2890 marmorea
1131 2831 1161 2889 in
1194 2831 1317 2888 nedibus
1345 2829 1539 2888 Maffeiornm
1567 2831 1668 2887 vissa

378 2931 502 2990 Metello
528 2933 695 3008 ceterisque
723 2941 841 3008 praeter
868 2933 1023 3009 Ligorium
1050 2934 1101 3008 qui
1131 2933 1175 2991 sio
1201 2943 1342 2991 testatur:
1384 2927 1472 2989 ‘hora
1499 2929 1666 2991 raccontaro

379 3033 517 3094 d'alcnne
549 3034 673 3110 reliquie
700 3034 729 3093 (11
757 3035 863 3094 marini
890 3042 1006 3095 trovato
1033 3035 1075 3094 ivi
1102 3053 1248 3112 appresso
1278 3035 1307 3094 al
1333 3032 1454 3111 tempio’
1478 3031 1666 3108 (Faustinae)

379 3131 554 3196 ‘cavandosi
587 3136 726 3196 d’avante
753 3156 807 3214 per
833 3137 915 3195 lever
942 3137 963 3195 li
996 3132 1114 3196 scalini’
1149 3132 1251 3212 [‘sette
1284 3135 1378 3194 ordini
1407 3135 1437 3193 di
1465 3131 1587 3195 eoalini'
1609 3134 1666 3210 Lig.

380 3237 463 3314 Vnt]
485 3235 532 3296 'co
554 3239 636 3316 quali
660 3239 685 3298 si
708 3248 850 3298 montana
872 3239 919 3296 nel
941 3240 1056 3317 portico
1084 3239 1115 3297 (11
1142 3255 1211 3298 esso
1234 3238 1264 3296 in
1290 3239 1416 3297 servitio
1438 3237 1522 3298 della
1542 3239 1665 3298 labbrica

380 3339 410 3398 (11
433 3337 593 3418 Sanpietro
617 3383 624 3398 .
647 3384 654 3398 .
679 3383 686 3398 .
710 3383 717 3398 .
741 3335 836 3400 eravi’
866 3338 943 3417 [‘nal
966 3341 1076 3418 angolo
1098 3341 1222 3400 sinIstro
1245 3340 1292 3400 del
1314 3341 1465 3418 principio
1490 3340 1573 3401 della
1594 3358 1664 3400 mon·

379 3437 455 3500 tata’
476 3442 544 3520 Lig.
568 3442 649 3518 vat]
675 3439 820 3502 ‘anchora
849 3462 909 3501 nna
931 3443 1001 3501 baso
1028 3443 1058 3502 (11
1081 3451 1181 3502 statua
1202 3443 1295 3502 molto
1321 3442 1400 3502 bella
1422 3442 1478 3501 ohe
1502 3461 1594 3521 sopra
1613 3443 1665 3500 alls

381 3544 469 3620 quale
491 3563 543 3602 era
564 3544 595 3602 la
616 3545 747 3622 imagine
770 3545 800 3602 di
822 3545 978 3604 Antonino
1001 3545 1057 3604 Pio
1083 3545 1215 3623 postagli
1237 3545 1320 3603 dalla
1342 3545 1525 3623 compa-gnis
1546 3545 1593 3604 dei
1614 3544 1664 3602 lor-

379 3647 455 3718 nari,
477 3647 509 3704 la
529 3646 619 3722 quale
642 3647 759 3705 riserba
780 3647 811 3704 lo
833 3647 1039 3706 illustrissimo
1062 3647 1197 3706 cardiual
1212 3647 1313 3706 Maffei
1330 3688 1337 3704 .
1355 3641 1375 3706 .’
1397 3646 1543 3724 Ligorius
1564 3648 1595 3706 in
1612 3645 1663 3704 col·

379 3748 447 3806 leot.
471 3747 536 3806 cod.
559 3747 726 3821 Bodleian1‚
750 3749 828 3808 unde
851 3749 896 3806 ed.
920 3747 1066 3808 Lanciani
1092 3748 1171 3808 Bull.
1194 3750 1266 3808 Inst.
1294 3747 1383 3821 1871,
1407 3748 1466 3808 263
1482 3767 1519 3821 s.,
1540 3759 1571 3808 et
1595 3748 1663 3808 simi·

380 3849 448 3908 liter
469 3850 501 3907 in
523 3849 632 3923 Vatia,
660 3851 738 3909 unde
765 3852 811 3909 ed.
836 3850 908 3920 Fon,
935 3850 1019 3910 Fasti
1042 3871 1071 3929 p.
1087 3850 1222 3909 LXXII.
1266 3850 1415 3909 mendacii
1444 3851 1589 3928 arguitur,
1612 3867 1662 3908 non

381 3951 570 4011 convincitur
590 3951 734 4029 Ligorius
757 3953 786 4011 in
804 3951 946 4012 c.1.L.:
980 3961 1010 4011 ot
1032 3961 1065 4011 ut
1087 3954 1127 4011 sit
1147 3953 1299 4024 mentitus,
1322 3952 1413 4011 verba
1434 3952 1502 4012 eius
1524 3963 1602 4012 certe
1621 3950 1663 4008 ad·

381 4053 540 4113 scribenda
561 4055 654 4114 luere.

339 4189 418 4267 [imp.
442 4195 555 4250 caesari
578 4193 582 4268 1
607 4194 669 4250 (11(ιὶ
691 4193 829 4251 hadriani
844 4192 886 4268 s.]
909 4193 961 4250 dtu
981 4194 985 4269 1
1003 4195 1113 4251 troiani
1129 4193 1259 4267 parthini
1280 4191 1359 4267 n[cp]
1376 4193 1380 4268 1
1399 4194 1462 4250 dini
1484 4211 1588 4250 (ιενιιαε
1603 4209 1661 4267 pro

342 4309 398 4367 nep
421 4293 425 4368 1
450 4303 469 4350 t.
490 4293 564 4351 aelio
586 4294 729 4352 hadriano
754 4297 758 4372 1
782 4297 917 4352 antom'no
939 4313 1006 4370 nup.
1026 4298 1077 4370 pio
1101 4289 1105 4372 1
1125 4305 1206 4370 pont.
1228 4312 1296 4352 tnnc
1317 4294 1381 4352 trib.
1401 4299 1562 4370 potestati
1583 4295 1588 4370 1
1609 4297 1663 4368 inp.

341 4396 365 4451 ii
386 4411 443 4452 coe.
466 4397 501 4450 iii
518 4414 550 4470 p.
570 4415 593 4471 p
617 4395 621 4471 1
646 4413 749 4471 corpua
774 4397 777 4472 1
798 4399 950 4473 pinorum.

341 4601 537 4661 75=197s
562 4637 600 4648 —
623 4606 661 4663 A.
688 4605 777 4664 1811.
835 4605 995 4664 Fastorum
1029 4625 1175 4684 angurum
1212 4605 1413 4682 fragmentum
1445 4623 1511 4682 rep.
1546 4606 1576 4663 in
1607 4605 1661 4662 loro

380 4723 407 4762 a.
428 4705 504 4763 1811
530 4700 590 4763 'nel
612 4708 739 4765 oostrnir
762 4726 821 4766 una
842 4707 976 4766 ohiavica
997 4709 1051 4766 che
1072 4707 1123 4765 dal
1146 4707 1257 4783 tempio
1279 4706 1308 4763 di
1325 4705 1482 4765 Antonino
1499 4727 1516 4766 e
1531 4707 1556 4767 F
1559 4707 1662 4766 anatim

380 4805 525 4865 tocoando
553 4807 653 4883 quello
681 4809 711 4866 di
740 4808 866 4868 Castore
893 4829 909 4867 e
935 4809 1059 4868 Polluce
1086 4810 1169 4868 volta
1196 4825 1283 4866 verso
1310 4808 1341 4866 la
1371 4809 1502 4868 colonus
1524 4809 1555 4868 di
1575 4800 1662 4874 Foca’,

382 4908 454 4966 Fen.
499 4927 577 4968 nuuc
600 4919 684 4968 extat
705 4912 734 4968 in
757 4930 860 4970 museo
884 4911 1067 4989 Capitolino.
1111 4919 1211 4988 potest
1232 4911 1324 4987 igitur
1346 4911 1376 4968 in
1399 4929 1471 4969 area
1493 4911 1560 4983 sori,
1581 4915 1664 4988 potest

380 5011 458 5069 inter
479 5013 592 5088 templa
612 5013 666 5070 illa
693 5014 845 5072 inventum
868 5033 944 5072 esse.
961 5049 999 5059 -
1017 5032 1094 5090 quae
1123 5014 1194 5072 olim
1222 5011 1334 5072 eisdem
1362 5011 1451 5072 lastis
1474 5015 1663 5073 tribuebantur

381 5112 546 5189 fragmenta
575 5114 645 5184 duo,
671 5133 774 5174 eorum
802 5117 930 5174 alterum
958 5115 1113 5174 sodalibus
1139 5115 1359 5194 Augustalibus
1386 5115 1578 5176 tribuendum
1607 5128 1661 5172 esse
1717 5179 1718 5184 1

381 5214 505 5272 alterum
530 5215 694 5294 auguribus
718 5217 945 5278 abiudioandum
970 5217 1100 5278 ostendit
1121 5217 1242 5277 Dessau
1264 5215 1356 5276 huius
1378 5217 1460 5296 Eph.
1485 5219 1516 5294 3,
1532 5219 1571 5277 74
1582 5235 1620 5276 ss.
1716 5203 1718 5282 1
