3496 5828
415 1887 497 1997 on
536 1883 808 1998 HISPANO
847 1883 1133 2006 lurrovo.

97 2202 269 2343 Antiqui
291 2285 378 2342 quern
402 2266 479 2325 dixit
500 2265 681 2326 Hucbnerus
704 2267 931 2345 inscriptionum
948 2267 1153 2344 Hispanarum
1176 2270 1308 2325 auctoris
1331 2284 1442 2325 novum

87 2370 278 2445 'exemplum
301 2388 396 2446 nuper
417 2369 447 2427 in
470 2369 563 2426 lucem
587 2369 736 2446 prolatum
759 2377 814 2440 est,
842 2370 938 2428 codex
965 2369 1079 2428 scilicet
1102 2386 1179 2428 saec.
1202 2368 1278 2426 XVl
1301 2369 1442 2440 ineuntis,

99 2474 158 2548 qui
182 2471 240 2528 suit
261 2471 332 2528 olim
355 2471 488 2528 familiae
511 2471 667 2530 Filonardi
691 2473 721 2530 in
743 2471 855 2549 oppido
878 2471 982 2530 Bauco
1005 2489 1098 2550 prope
1119 2472 1336 2544 Frusinonem,
1364 2489 1443 2529 anno

101 2574 189 2633 1873
214 2573 327 2630 Romae
349 2593 368 2631 a
390 2571 589 2632 Constantino
613 2572 778 2632 Corvisieri
802 2575 961 2650 emptionis
984 2575 1048 2633 iure
1070 2583 1262 2650 comparatus
1288 2581 1318 2630 et
1339 2573 1441 2631 illatus

98 2678 132 2734 in
164 2675 374 2734 bibliothecam
402 2676 515 2752 regiam
543 2676 768 2735 Berolinensem
797 2676 881 2753 (piet.
909 2678 938 2735 A
961 2676 997 2734 61
1023 2677 1068 2752 p).
1117 2675 1234 2734 Habuit
1260 2675 1440 2734 Huebnerus

100 2796 167 2854 qno
189 2787 324 2854 tempore
346 2777 512 2853 Hispanico
533 2779 635 2851 edidit,
663 2780 728 2838 eins
756 2777 866 2836 codicis
895 2779 1032 2837 notitiam
1059 2778 1190 2854 aliquam
1220 2777 1380 2854 specimine
1403 2779 1441 2835 ab
1478 2797 1480 2804 ⁴

97 2879 252 2938 Henzeno
280 2879 335 2938 sibi
363 2881 542 2938 transmisso
566 2880 608 2954 (v.
632 2881 712 2958 apud
734 2880 859 2939 eundem
883 2899 911 2956 p.
928 2879 996 2956 Vl),
1020 2880 1072 2940 sed
1095 2899 1170 2956 quae
1199 2879 1236 2938 ad
1259 2880 1441 2956 exemplaris

99 2983 196 3040 huius
219 2981 375 3039 utilitatem
404 2982 634 3058 intellegendam
657 3001 717 3042 non
745 2983 904 3042 sufficeret.
947 2983 981 3040 In
1004 2983 1062 3042 hoc
1083 2984 1212 3058 Antiqui
1239 2982 1376 3040 collectio
1399 2982 1442 3038 in-

98 3097 191 3160 tegra
212 3093 311 3142 exstat
334 3084 506 3142 intermixta
534 3085 659 3162 syllogis
682 3085 770 3143 Italis
798 3086 862 3142 eius
891 3087 998 3143 aetatis
1021 3069 1206 3164 vulgaribus.
1252 3082 1320 3158 Quo
1342 3103 1442 3143 exem·

98 3188 156 3264 plo
187 3205 254 3243 cum
281 3187 434 3246 nonnullis
463 3188 494 3246 in
521 3188 609 3246 rebus
639 3189 699 3260 eis,
727 3206 804 3263 quoe
831 3187 931 3246 adbuc
957 3187 993 3245 de
1022 3194 1144 3246 auctore
1171 3189 1230 3246 isto
1257 3197 1329 3245 nota
1355 3186 1442 3244 nobis

99 3295 204 3359 erant,
228 3289 435 3366 supplementa
456 3307 515 3347 non
538 3289 616 3348 levia
637 3299 819 3362 accrescant,
842 3291 1006 3367 poterimus
1030 3290 1089 3348 iam
1105 3309 1141 3348 eo
1164 3289 1316 3361 accedere,
1341 3297 1374 3346 ut
1395 3307 1443 3347 ar-

99 3390 233 3466 chetypi
260 3389 402 3468 deperditi
429 3391 590 3469 imaginem
617 3393 809 3452 restituamus
837 3393 952 3451 ratione
980 3411 1038 3452 non
1062 3393 1143 3451 omni
1171 3411 1211 3451 ex
1239 3400 1324 3468 parte
1352 3399 1443 3463 certa,

95 3494 132 3551 in
158 3493 313 3569 plerisque
336 3500 436 3552 tumen
459 3493 532 3552 satis
555 3495 649 3553 firma.
1012 3495 1018 3510 ⁸

192 3593 340 3672 Exempla
362 3605 471 3668 autem,
494 3597 603 3673 quibus
626 3615 698 3656 usus
721 3614 798 3668 sum,
820 3597 893 3657 haec
916 3605 998 3657 sunt:

193 3696 215 3753 l.
261 3695 365 3756 Codex
388 3699 569 3757 Mutinensis
591 3699 664 3758 bibl.
688 3699 754 3757 Pal.
770 3698 819 3758 VI
840 3699 865 3758 F
889 3699 927 3759 28
953 3700 1083 3776 scriptus
1105 3701 1230 3760 a.1503
1254 3701 1342 3758 iussu
1363 3699 1444 3759 Mar·

94 3800 158 3859 tini
185 3797 222 3855 de
246 3795 377 3872 Stenas,
400 3800 436 3858 de
459 3819 519 3877 quo
543 3801 619 3860 dixit
640 3799 821 3860 Huebnerus
848 3801 880 3860 0.
904 3803 928 3860 I.
953 3802 983 3859 ll
1004 3822 1033 3879 p.
1050 3803 1109 3862 VI:
1136 3803 1201 3862 eius
1225 3802 1292 3861 libri
1316 3820 1442 3879 apogra-

91 3903 200 3980 phum
223 3901 261 3958 ab
276 3900 423 3960 Henzeno
438 3901 592 3961 Huebneri
615 3903 646 3962 in
668 3921 755 3962 usum
778 3905 943 3962 confectum
964 3913 1084 3980 praesto
1100 3904 1173 3962 mihi
1195 3904 1261 3964 fuit.
1305 3903 1445 3979 Hispana

91 4005 248 4080 leguntur
268 4003 290 4060 f.
307 3999 461 4076 83‘-93';
490 4024 619 4081 quorum
641 4005 714 4064 ordo
738 4005 892 4082 archetypi
914 4015 988 4082 puto
1010 4006 1091 4066 foliis
1113 4007 1306 4082 transpositis
1328 4015 1445 4083 pertur-

90 4110 197 4166 batus
213 4115 270 4176 est,
284 4124 372 4181 quem
388 4108 577 4167 restituemus
599 4108 619 4166 f.
636 4102 775 4166 88‘-93'
790 4108 945 4167 collocatis
968 4117 1037 4167 ante
1058 4109 1075 4166 f.
1093 4109 1142 4167 85.
1187 4107 1330 4167 Continet
1344 4117 1442 4166 autem

89 4209 181 4267 liber
205 4205 319 4267 Siederi
334 4208 590 4268 Tarraconensem
613 4211 706 4268 totius
729 4210 914 4270 collectionis
937 4222 1053 4288 partem
1075 4211 1187 4270 solam:
1210 4229 1301 4287 quam
1323 4211 1445 4269 exbibet

90 4321 126 4369 et
153 4309 333 4385 plenissime
356 4319 385 4370 et
406 4313 527 4388 optime.
573 4310 680 4371 Cetera
695 4332 766 4371 vero
790 4314 929 4391 exempla
951 4331 988 4372 ex
1009 4313 1159 4372 communi
1179 4331 1274 4390 eoque
1296 4313 1444 4371 deteriore

88 4415 189 4472 sonte
213 4411 360 4488 proficisci
382 4415 483 4474 multis
506 4415 580 4474 locis
604 4415 782 4486 ostenditur,
803 4416 853 4474 ubi
877 4416 959 4488 vitia,
988 4435 1065 4492 quae
1093 4421 1123 4474 in
1150 4415 1212 4475 illis
1235 4416 1375 4474 omnibus
1396 4434 1444 4474 re-

89 4517 210 4584 deunt,
234 4515 341 4572 aeolo
365 4511 480 4575 Siederi
502 4517 579 4576 libro
602 4517 718 4576 absunt.
763 4516 892 4592 Excipio
910 4519 1072 4594 Apianum,
1097 4518 1181 4576 cuius
1204 4518 1235 4576 in
1258 4505 1446 4577 collectionis

87 4618 194 4676 initio
217 4615 280 4689 (pl
305 4615 404 4693 -24)
420 4617 627 4694 Hispanerum
644 4620 769 4695 Antiqui
792 4619 1021 4695 inscriptionum
1045 4621 1137 4679 series
1158 4620 1260 4697 posita
1281 4629 1341 4678 est:
1364 4619 1444 4696 quod

86 4717 280 4792 exemplum
304 4719 493 4778 manifestum
517 4729 563 4779 est
584 4722 689 4781 eodem
711 4741 727 4778 c
748 4721 841 4793 fonte,
870 4722 949 4780 unde
971 4723 1080 4800 pendet
1103 4721 1256 4796 Siederus‚
1284 4722 1443 4798 proficisci.

85 4822 183 4882 Nam
209 4831 329 4894 praeter
344 4821 485 4880 Baeticos
508 4823 613 4881 titulos
636 4823 845 4899 paucissimos,
867 4825 918 4900 qui
941 4827 971 4884 in
988 4826 1046 4884 line
1065 4824 1158 4882 additi
1183 4834 1262 4895 sunt,
1285 4823 1358 4882 nibil
1375 4841 1444 4880 con-

85 4931 177 4984 tinet
202 4921 263 4978 nisi
286 4922 389 4982 titulos
404 4924 663 4998 Tarraconenses,
686 4934 717 4984 et
738 4944 816 5002 quae
839 4927 902 4984 dixi
925 4928 961 4986 de
977 4927 1080 4985 ordine
1103 4927 1183 5004 apud
1199 4925 1353 4987 Siederum
1376 4944 1443 5000 per·

82 5027 236 5094 turbato,
267 5024 371 5082 eadem
400 5029 489 5086 etiam
518 5027 547 5084 in
575 5027 723 5104 Apiunum
751 5027 870 5086 cadunt.
915 5027 1053 5088 Ceterum
1082 5029 1234 5104 Apianus,
1261 5045 1442 5104 quamquam

84 5149 163 5189 eum
193 5144 258 5185 non
281 5146 320 5186 ex
343 5126 410 5202 ipso
426 5127 540 5190 Siederi
564 5129 665 5188 codice
688 5148 743 5188 sua
757 5129 899 5190 babuisse
916 5140 1042 5204 constat,
1065 5130 1154 5207 plane
1169 5130 1247 5190 abici
1262 5147 1352 5208 posse
1370 5127 1443 5186 mihi

81 5233 184 5294 risus
208 5235 269 5287 est.

1219 5331 1236 5391 2
