3516 5828
330 490 400 560 100
763 508 1065 559 sunmananuuru
1095 508 1177 559 vor..
1198 509 1227 557 11

327 683 502 758 magistratu
531 681 650 740 functos
677 680 756 738 ludis
783 693 969 757 praetextam
995 683 1196 758 resumpsisse
1224 689 1342 739 constet
1363 680 1398 756 (1.
1414 699 1439 738 c.
1456 699 1486 756 p.
1501 677 1591 754 421),
1615 697 1667 736 sa·

326 765 462 843 cerdctcs
485 784 516 842 id
537 783 636 862 ipsum
658 782 767 841 fecisse
790 793 1022 844 consentaneum
1045 791 1100 841 est.

186 898 268 950 sedes
286 899 313 947 in
412 885 440 944 t.
483 885 579 944 Ludis
605 885 735 960 publicis
764 887 937 944 sacerdotes
964 886 1079 963 publici
1111 885 1216 944 sedent
1246 886 1323 944 inter
1350 886 1536 944 decuriones.
1586 882 1668 941 Dixi

199 983 300 1032 theatro
329 989 365 1047 de
388 988 543 1065 privilegio
566 1006 602 1045 eo
625 986 805 1047 Stactareclt
829 986 869 1060 1²,
887 989 947 1048 390
970 1009 999 1046 n.
1017 989 1044 1046 5.

192 1110 301 1161 vacatio
412 1093 441 1149 3.
485 1090 610 1149 Militiae
633 1091 818 1150 vacationem
841 1091 871 1149 in
894 1099 1071 1168 perpetuum
1093 1091 1166 1161 sive,
1195 1102 1228 1150 ut
1250 1093 1292 1150 ait
1313 1091 1373 1163 lex,
1402 1099 1435 1148 ut
1462 1109 1532 1148 aera
1561 1088 1670 1146 omnia

198 1195 305 1242 militiae
329 1193 470 1253 militaria
497 1194 603 1251 merita
630 1195 700 1266 sint,
726 1193 777 1252 lex
804 1194 1009 1253 sacerdotibus
1039 1195 1204 1270 liberisque
1232 1213 1334 1252 eorum
1363 1194 1406 1251 ita
1431 1193 1491 1262 dat,
1517 1203 1550 1249 ut
1577 1192 1671 1248 datur

329 1298 463 1375 pontifici
486 1295 631 1354 Romanu.
677 1295 795 1370 Qualis,
817 1305 914 1354 autern
938 1297 1054 1354 vacatio
1087 1296 1222 1373 pontifici
1242 1297 1380 1354 Romano
1402 1295 1503 1365 fuerit,
1536 1293 1671 1352 efficitur

329 1421 365 1457 ex
389 1400 452 1476 lege
476 1418 494 1456 a
515 1399 677 1456 Plutarcho
706 1396 839 1473 (Camill.
856 1399 910 1473 41)
933 1399 1025 1456 allata
1047 1393 1193 1476 ἐφεῖσθαι
1215 1393 1281 1459 τούς
1301 1397 1380 1481 lepris
1402 1388 1550 1480 στρατείας
1573 1385 1671 1478 χωρὶς

330 1495 364 1559 cin
386 1496 421 1572 ati
445 1495 603 1562 Γαλατικός
625 1489 642 1577 ᾗ
664 1489 794 1568 πόλεμος,
821 1501 879 1558 nisi
908 1500 988 1577 quod
1012 1499 1144 1573 Gallico,
1177 1521 1265 1578 quem
1295 1519 1349 1577 pro
1376 1520 1408 1558 re
1435 1509 1537 1558 auctor
1564 1499 1669 1556 solum

330 1605 471 1677 nominat,
495 1603 651 1662 addendus
678 1611 722 1662 est
749 1602 894 1662 tumultus
918 1603 1053 1676 ItalicuS,
1076 1605 1234 1680 locumque
1255 1604 1304 1662 hic
1330 1603 1421 1661 habet
1442 1601 1583 1672 formula,
1607 1619 1672 1675 qua

331 1708 437 1766 Cicero
460 1707 553 1764 utitur
575 1705 668 1782 (Phil.
686 1706 714 1778 5,
734 1705 780 1776 19,
797 1704 851 1780 53)
878 1710 1053 1764 uacationem
1078 1707 1197 1764 militiae
1219 1710 1291 1784 ipsis
1314 1707 1466 1781 liberisque
1487 1723 1583 1762 eorum
1607 1722 1673 1761 esse

327 1813 444 1886 plaeere
467 1820 545 1868 extra
567 1808 714 1866 tumultum
739 1806 888 1866 Gallicum·
908 1809 1105 1883 Italicumque.
1150 1808 1233 1867 Idem
1259 1808 1318 1865 alio
1341 1808 1407 1866 loco
1431 1807 1525 1882 (Phil.
1540 1807 1569 1877 8,
1589 1807 1617 1876 l,
1636 1806 1672 1879 3)

331 1917 453 1970 tnciurea
484 1915 584 1982 notui,
616 1910 721 1986 inquit,
755 1909 902 1968 tuinultum
924 1910 1070 1981 Italicum,
1104 1913 1182 1986 quod
1213 1921 1275 1968 erat
1308 1913 1483 1981 domesticus,
1516 1909 1672 1966 tumultum

330 2014 489 2084 Gallicum,
513 2015 590 2088 quod
610 2023 671 2070 erut
687 2013 793 2071 Italiae
807 2014 958 2088 finitimus,
977 2023 1130 2088 praeterea
1150 2013 1260 2070 nullum
1281 2013 1475 2083 nominabant,
1497 2011 1673 2069 adsentien-

332 2118 411 2176 tibus
436 2115 528 2175 Festo
550 2115 591 2190 (v.
614 2115 816 2173 tumultuariis
840 2136 868 2192 p.
886 2115 960 2190 355)
983 2125 1013 2174 et
1035 2114 1140 2176 Servio
1167 2116 1218 2190 (ad
1240 2117 1317 2174 Aen.
1334 2114 1363 2186 2,
1380 2113 1449 2172 486.
1473 2113 1501 2185 8,
1521 2115 1562 2190 1),
1586 2113 1674 2170 deni-

333 2238 390 2295 que
412 2219 480 2295 ipsa
501 2218 556 2275 hac
578 2218 643 2293 lege
667 2219 761 2276 altero
784 2217 850 2276 loco
874 2217 918 2292 (9,
935 2217 999 2293 31),
1026 2217 1075 2276 ubi
1099 2219 1286 2295 apparitores
1308 2218 1538 2292 magistratuum
1564 2227 1675 2274 retan-

333 2330 381 2380 tur
403 2329 590 2380 sacramento
613 2321 713 2395 rogari
739 2323 796 2377 nisi
818 2320 951 2378 tumultus
974 2321 1073 2378 Italici
1094 2318 1236 2378 Gallicice
1257 2339 1356 2378 causa.
1400 2319 1515 2376 Eodem
1538 2319 1675 2394 pertinet

334 2424 412 2502 quod
435 2423 526 2482 refert
556 2422 660 2481 Livius
687 2422 718 2480 in
745 2421 845 2479 annali
868 2441 894 2478 a.
913 2421 971 2479 547
996 2421 1061 2496 (tt,
1078 2422 1147 2496 38),
1170 2422 1270 2480 coloni
1298 2421 1438 2480 maritimi
1460 2419 1672 2478 Romanorum

334 2546 399 2584 cum
423 2532 643 2586 sacrosanctam
672 2525 796 2582 militiae
824 2524 1008 2582 vacationem
1038 2542 1070 2581 se
1096 2525 1207 2583 habere
1230 2524 1371 2594 dicerent,
1401 2533 1538 2581 senatum
1561 2541 1674 2581 omnes

334 2648 386 2688 eos
408 2629 536 2705 populos
558 2627 686 2686 Romam
714 2645 857 2686 evocasse
884 2645 1010 2702 cumque
1038 2644 1109 2684 suas
1132 2628 1260 2701 quisque
1283 2626 1455 2685 vacationes
1477 2627 1675 2695 recitassent,

333 2732 452 2801 nullius,
481 2751 543 2788 cum
569 2734 600 2787 in
622 2729 713 2788 Italia
735 2730 823 2788 bostis
850 2739 929 2801 esset,
949 2739 1066 2805 praeter
1088 2729 1231 2786 Antiatem
1257 2727 1466 2804 Ostiensemque
1491 2733 1676 2786 uacationem

335 2837 509 2894 obseruatum
531 2851 600 2891 esse.
644 2831 766 2892 Scilicet
787 2832 923 2890 coloniae
946 2833 1105 2909 pleraeque
1132 2832 1162 2888 in
1184 2831 1299 2908 legibus
1320 2832 1378 2890 sibi
1400 2831 1478 2890 datis
1502 2834 1675 2890 vacationis

335 2938 541 3014 exceptionem
569 2955 634 2994 eam
661 2935 821 3004 habebant,
849 2934 885 2992 de
914 2953 975 3010 qua
1001 2935 1142 3006 diximus,
1169 2952 1257 3009 quarn
1286 2933 1407 2992 senatus
1440 2943 1519 2992 recte
1546 2935 1675 2992 omnino

336 3038 467 3096 decrevit
489 3055 619 3109 cessare,
641 3037 735 3095 donec
749 3035 903 3095 Hannibal
925 3037 955 3095 in
976 3037 1066 3095 ltalia
1087 3047 1176 3094 esset.
1220 3036 1360 3094 Antiates
1382 3045 1481 3095 autem
1503 3047 1532 3094 et
1548 3034 1675 3095 Ostien-

335 3158 383 3198 ses
407 3141 561 3215 probabile
583 3148 630 3199 est
651 3140 836 3198 vacationem
859 3140 978 3215 plenam
994 3140 1153 3217 accepisse.
1198 3137 1344 3199 Similiter
1358 3149 1428 3214 post
1441 3139 1557 3214 aliquot
1571 3157 1675 3197 anuos

336 3241 456 3300 eaedem
479 3241 614 3300 coloniae
629 3262 696 3301 cunr
719 3242 799 3319 apud
821 3251 957 3300 senatum
978 3242 1206 3316 disceptassent,
1229 3260 1298 3299 nurn
1321 3241 1363 3298 rei
1390 3241 1529 3299 militaris
1551 3242 1677 3298 vacatio

336 3346 425 3402 etiam
442 3345 479 3402 ad
495 3363 557 3402 rem
573 3345 707 3402 navalem
724 3345 902 3421 perveniret,
923 3364 983 3402 non
999 3345 1095 3420 magis
1111 3343 1304 3402 obtinuerunt
1323 3343 1404 3418 (Liv.
1423 3342 1472 3414 36,
1488 3343 1531 3418 3).
1575 3341 1677 3420 Legis

338 3447 429 3504 rerba
457 3447 576 3505 militiae
602 3450 714 3505 vacatio
745 3465 829 3505 suero
856 3449 984 3505 sanctius
1014 3456 1071 3505 esto
1098 3454 1239 3522 corrupta
1268 3444 1458 3514 crediderim
1486 3453 1564 3503 certe
1591 3463 1677 3503 com-

336 3551 503 3624 parativum
525 3568 585 3625 quo
611 3549 737 3608 referam
765 3567 825 3606 non
847 3549 964 3624 reperio
991 3569 1046 3607 nec
1068 3547 1241 3606 adverbium
1268 3565 1322 3623 pro
1350 3546 1497 3606 adiectivo
1523 3547 1679 3606 rationem

336 3651 435 3710 habet.
480 3650 569 3726 Quod
592 3662 622 3710 et
644 3650 833 3711 sacerdotum
856 3660 886 3709 et
907 3651 1080 3709 colonorum
1106 3649 1292 3708 coloniarum
1315 3648 1529 3728 maritimarum
1552 3651 1679 3708 vacatio

338 3771 424 3811 sacro
447 3761 552 3812 sancta
567 3753 683 3826 dicitur,
705 3752 782 3812 redit
797 3755 835 3812 ad
853 3753 1069 3830 quaestionem,
1091 3770 1237 3827 quaenam
1265 3751 1323 3810 sint
1345 3751 1427 3828 leges
1449 3760 1585 3809 sacratae
1610 3751 1680 3808 sire

338 3873 425 3913 sacro
448 3864 579 3928 sanctae,
602 3875 678 3932 quae
693 3855 782 3915 huius
798 3855 1008 3933 disputationis
1023 3857 1098 3914 lines
1118 3854 1245 3913 excedit.
1288 3852 1386 3912 Nobis
1410 3852 1484 3911 satis
1506 3852 1563 3910 erit
1579 3853 1680 3911 verbo

339 3958 492 4016 monuisse
515 3967 737 4017 sacrosanctam
756 3957 852 4035 legem
868 3957 939 4016 olim
954 3958 1049 4016 fuisse
1064 3975 1140 4027 eam,
1163 3956 1193 4012 in
1209 3975 1298 4032 quam
1313 3965 1384 4032 post
1397 3955 1562 4014 iussionem
1577 3954 1683 4031 publi·

339 4077 403 4118 cam
427 4059 558 4118 universi
581 4061 662 4119 cives
684 4061 774 4119 etiam
798 4067 984 4118 sacramento
1004 4059 1209 4136 adigerentur,
1232 4058 1398 4134 posteriore
1420 4065 1518 4115 autem
1540 4065 1684 4132 tempore

338 4160 381 4218 ita
402 4161 585 4238 appellatam
607 4179 675 4220 esse
697 4163 809 4239 legem,
836 4180 927 4238 quae,
955 4172 988 4219 ut
1010 4159 1117 4220 Cicero
1140 4161 1182 4218 ait
1203 4159 1273 4236 (pro
1295 4159 1392 4217 Balbo
1417 4160 1469 4231 14,
1490 4158 1557 4233 33),
1585 4169 1684 4235 caput

342 4263 406 4320 eius
428 4263 479 4338 qui
502 4273 607 4324 contra
629 4283 694 4323 eam
715 4263 839 4322 fecisset
859 4274 1049 4322 consecraret
1071 4262 1112 4338 (v.
1129 4262 1311 4322 Staatsrectt
1334 4259 1362 4333 2,
1378 4259 1438 4320 276
1461 4279 1489 4318 n.
1506 4259 1550 4336 3).
1587 4259 1685 4320 Hanc

340 4363 590 4439 significationem
612 4367 757 4425 hocloco
780 4365 982 4442 accipiendam
1006 4383 1073 4424 esse
1095 4373 1188 4442 patet.

424 4465 542 4526 Liberis
564 4477 663 4528 autem
687 4467 768 4545 quod
791 4469 907 4526 vacatio
930 4486 1023 4544 aeque
1045 4467 1189 4545 procedit,
1211 4466 1340 4524 fortasse
1362 4465 1400 4523 ad
1421 4480 1524 4522 omnes
1540 4466 1683 4522 vacatio·

340 4585 394 4626 nes
417 4569 559 4644 pertinct3
583 4580 662 4628 certe
685 4568 860 4629 Ciceronem
883 4588 974 4645 supra
994 4569 1132 4640 vidimus,
1155 4587 1221 4625 eum
1244 4568 1393 4626 veteranis
1416 4564 1598 4642 quibusdam
1624 4567 1683 4624 mi-

340 4669 423 4728 litiae
446 4672 630 4730 racationem
658 4673 799 4742 decernit,
827 4691 892 4731 earn
919 4671 995 4749 ipsis
1021 4671 1186 4746 liberisque
1213 4688 1316 4729 eorum
1338 4668 1517 4739 decrevisse,
1551 4670 1683 4728 omnino

340 4772 497 4830 tralaticia.
541 4771 648 4832 Utrum
665 4784 770 4832 uacent
790 4773 886 4845 liberi,
909 4775 1053 4850 quamdiu
1075 4774 1105 4831 in
1122 4780 1272 4850 potestate
1295 4771 1364 4842 sint,
1388 4771 1472 4829 auin
1487 4777 1685 4846 perpetuum,

344 4875 448 4950 quaeri
470 4883 583 4952 potest;
606 4877 680 4934 mihi
702 4877 759 4934 hoc
780 4875 877 4952 magis
899 4877 1052 4952 probatur.

210 4989 319 5038 vacatio
428 4976 554 5036 Vacatio
594 4977 800 5037 sacerdotibus
841 4978 929 5036 datur
965 4985 997 5037 ut
1032 4976 1171 5050 militiae,
1212 4977 1256 5034 ita
1296 4976 1417 5035 omnino
1457 4973 1589 5032 muneris
1629 4995 1687 5051 pu·

120 5129 123 5136 .
212 5071 324 5166 muneris
346 5077 426 5150 blici,
453 5079 578 5138 utitem
606 5080 738 5156 iungitur
759 5081 789 5138 in
816 5080 892 5157 legis
915 5079 1146 5156 repetundarum
1172 5097 1200 5136 v.
1217 5078 1256 5137 ts
1280 5082 1339 5136 eiua
1360 5077 1480 5135 militiae
1500 5080 1690 5154 munerisque

224 5154 319 5216 ¹³¹¹b¹¹⁰¹
343 5180 465 5256 puplici.
509 5179 589 5242 Sane
610 5182 780 5242 immunitas
804 5183 830 5240 si
852 5200 914 5258 qua
936 5181 1053 5258 publice
1076 5180 1258 5253 conceditur,
1285 5187 1520 5239 consentaneum
1546 5187 1593 5237 est
1616 5199 1688 5238 eam
